%
% As macros para os nomes de jornais e congressos estao
% no arquivo listacompleta.bib. Novos nomes devem ser
% incluidos la. Pedro, 10.11.2003
%

@InProceedings{KR:03,
	author = "C.-Y. Kao and A. Rantzer",
	title = "Stability criteria for systems with bounded uncertain time-varying delay",
	month = "September",
	booktitle = ecc03,
	address = "Cambridge, UK",
	year = "2003"
}

@BOOK(GKC:03,
 author = "K. Gu and V. L. Kharitonov and J. Chen",
 title = "Stability of Time-delay Systems",
 publisher = "Birkh{\"{a}}user",
 series = "Control Engineering", 
 year = "2003",
 address = "Boston, MA"
)

@BOOK(Nic:01b,
 author = "S.-I. Niculescu",
 title = "Delay Effects on Stability: A Robust Control Approach",
 publisher = "Springer-Verlag",
 year = "2001",
 volume = "269",
 series = "Lecture Notes in Control and Information Sciences",
 address = "London"
)


@book{Mah:00,
        author={M. S. Mahmoud},
        title={Robust Control and Filtering for Time-Delay Systems},
        publisher={Marcel Dekker, Inc.},
        series = {Control Engineering Series},
        year={2000},
        address={New York},
}

@BOOK(BL:02,
 author = "E. K. Boukas and Z. K. Liu",
 title = "Deterministic and Stochastic time-delay systems",
 publisher = "Birk{h\"{a}}user",
 year = "2002",
 OPTvolume = " ",
 series = "Control Engineering",
 address = "Boston"
)

%
% Automation and Remote Control
%
@article{Sko:90,
   author = {V. I. Skorodinskii},
   title = {Iterational method of construction of
   {L}yapunov-{K}rasovskii functionals for linear
   systems with delay},
   journal ={Automation and Remote Control},
   volume = 51,
   number = 9,
   pages = {1205--1212},
   year = "1990"
}


@article{KL:04,
   author = {C. Y. Kao and B. Lincoln},
   title = {Simple stability criteria for systems with time-varying delays},
   journal =aut,
   volume = 40,
   number = 8,
   pages = {1429--1434},
   year = "2004",
   month = {August},
}

%
%  Proceedings
%

@Inproceedings{AKU:98,
        author={T. Azuma and T. Kondo and K. Uchida},
        title={Memory state feedback control synthesis for
        linear systems with time delay via a finite number
        of linear matrix inequalities},
        booktitle=wltds98,
        year={1998},
    month={July},
        volume={},
        number={},
        address={Grenoble, France},
        pages={183--187},
}

@Inproceedings{YCS:98,
        author={I. Yaesh and A. Cohen and U. Shaked},
        title={Delayed state-feedback {${\mathcal{H}}_\infty$}
        control},
        booktitle=wltds98,
        year={1998},
    month={July},
        volume={},
        number={},
        address={Grenoble, France},
        pages={63--68},
}

@Inproceedings{FSc:98,
        author={G. Ferreres and G. Scorletti},
        title={Robustness analysis in the presence
        of time delays},
        booktitle=wltds98,
        year={1998},
    month={July},
        volume={},
        number={},
        address={Grenoble, France},
        pages={195--200},
}

@Inproceedings{NVDD:98,
        author={S. I. Niculescu and E. I. Verriest and L. Dugard
        and J.-M. Dion},
        title={Stability of linear systems with delayed
        state: a guided tour},
        booktitle=wltds98,
        year={1998},
    month={July},
        volume={},
        number={},
        address={Grenoble, France},
        pages={37--44},
}


@Inproceedings{FSD:98,
        author={A. Fattouh and O. Sename and J. M. Dion},
        title={{${\mathcal{H}}_\infty$} observer design for time-delay
        systems},
        booktitle=cdc37,
        year={1998},
    month={December},
        volume={},
        number={},
        address={Tampa, FL, USA},
        pages={4545--4546},
}

@Inproceedings{KNR:98,
        author={V. B. Kolmanovskii and S. I. Niculescu and J. P. Richard},
        title={Some remarks on the stability of linear
        systems with delayed state},
        booktitle=cdc37,
        year={1998},
    month={December},
        volume={},
        number={},
        address={Tampa, FL, USA},
        pages={299--304},
}

@Inproceedings{EP:98,
        author={S. H. Esfahani and I. R. Petersen},
        title={An {LMI} approach to the output-feedback
        guaranteed cost control for uncertain time-delay systems},
        booktitle=cdc37,
        year={1998},
    month={December},
        volume={},
        number={},
        address={Tampa, FL, USA},
        pages={1358--1363},
}

@Inproceedings{Ngu:98,
        author={S. K. Nguang},
        title={Robust {${\mathcal{H}}_\infty$} control of a class of
        nonlinear systems with delayed state and control:
        an {LMI} approach},
        booktitle=cdc37,
        year={1998},
    month={December},
        volume={},
        number={},
        address={Tampa, FL, USA},
        pages={2384--2389},
}

@Inproceedings{GH:98,
        author={M. J. Grimble and G. Hearns},
        title={{LQG} controllers for unstable systems with
        transport delays: thickness control in rolling mills},
        booktitle=cdc37,
        year={1998},
    month={December},
        volume={},
        number={},
        address={Tampa, FL, USA},
        pages={3150--3155},
}

@Inproceedings{LARP:98,
        author={T. D. Larsen and N. A. Andersen and O. Ravn
        and N. K. Poulsen},
        title={Incorporation of time delayed measurements in a
        discrete-time {K}alman filter},
        booktitle=cdc37,
        year={1998},
    month={December},
        volume={},
        number={},
        address={Tampa, FL, USA},
        pages={3972--3977},
}

@Inproceedings{SBSA:98,
        author={P. Shi and E. K. Boukas and S. P. Shi and R. K. Agarwal},
        title={{${\mathcal{H}}_\infty$} control of discrete-time linear
        uncertain systems with delayed-state},
        booktitle=cdc37,
        year={1998},
    month={December},
        volume={},
        number={},
        address={Tampa, FL, USA},
        pages={4551--4552},
}



@Inproceedings{KJLP:98,
        author={J. H. Kim and E. T. Jeung and
        S. K. Lee and H. B. Park},
        title={Robust {${\mathcal{H}}_\infty$} state feedback
        control for generalized parameter uncertain
        system with time delays in discrete time case},
        booktitle=acc98,
        year={1998},
    month={June},
        volume={},
        number={},
        address={Philadelphia, PA, USA},
        pages={2723--2724},
}

@Inproceedings{JKKP:98,
        author={E. T. Jeung and S. H. Kwon and
        J. H. Kim and  H. B. Park},
        title={An  {LMI}  approach to
        {$\mathcal{H}_\infty$} control for linear
        delay systems},
        booktitle=acc98,
        year={1998},
    month={June},
        volume={},
        number={},
        address={Philadelphia, PA, USA},
        pages={2398--2402},
}

@Inproceedings{SF:98b,
        author={G. Scorletti and V. Fromion},
        title={A unified approach to time-delay system control: robust and gain-scheduled},
        booktitle=acc98,
        year={1998},
    month={June},
        volume={},
        number={},
        address={Philadelphia, PA, USA},
        pages={2391--2395},
}
@Inproceedings{GGQW:98a,
        author={Y. Gu and C. Geng and J. Qian and L. Wang},
        title={Robust reliable {$\mathcal{H}_\infty$} control for
        uncertain time-delay systems},
        booktitle=acc98,
        year={1998},
    month={June},
        volume={},
        number={},
        address={Philadelphia, PA, USA},
        pages={2415--2416},
}

@Inproceedings{GGQW:98b,
        author={Y. Gu and C. Geng and J. Qian and L. Wang},
        title={Robust {$\mathcal{H}_\infty$} control for linear
        time-delay systems subject to norm-bounded nonlinear
        uncertainty},
        booktitle=acc98,
        year={1998},
    month={June},
        volume={},
        number={},
        address={Philadelphia, PA, USA},
        pages={2417--2420},
}

@Inproceedings{Gu:98,
        author={K. Gu},
        title={Stability of linear time-delay systems with
        block-diagonal uncertainty},
        booktitle=acc98,
        year={1998},
    month={June},
        volume={},
        number={},
        address={Philadelphia, PA, USA},
        pages={1943--1947},
}

@Inproceedings{SWC:98,
        author={H. Su and J. Wang and J. Chu},
        title={Robust memoryless {${\mathcal{H}}_\infty$}
        control for uncertain linear time-delay systems},
        booktitle=acc98,
        year={1998},
    month={June},
        volume={},
        number={},
        address={Philadelphia, PA, USA},
        pages={3730--3731},
}

@Inproceedings{Wang:98,
        author={Z. Wang},
        title={Robust {$\mathcal{H}_\infty$} reliable control for
        linear state delayed systems with parameter uncertainty},
        booktitle=acc98,
        year={1998},
    month={June},
        volume={},
        number={},
        address={Philadelphia, PA, USA},
        pages={2405--2409},
}

@Inproceedings{CTCS:98,
        author={C. Cheng and B. Tang and Y. Cao and Y. Sun},
        title={Decentralized robust {$\mathcal{H}_\infty$}  control of
        uncertain large-scale systems with state-delays --- {LMI}s
        approach},
        booktitle=acc98,
        year={1998},
    month={June},
        volume={},
        number={},
        address={Philadelphia, PA, USA},
        pages={3111--3115},
}

@Inproceedings{NFL:97,
        author={S. I. Niculescu and M. Fu and H. Li},
        title={Delay-dependent closed-loop stability of linear
        systems with input delay: an {LMI} approach},
        booktitle=cdc36,
        year={1997},
    month={December},
        volume={},
        number={},
        address={San Diego, CA},
        pages={1623--1628},
}

@Inproceedings{TLDDN:97,
        author={A. Trofino and H. Li and L. Dugard and J. M. Dion
        and S. I. Niculescu},
        title={Constrained robust guaranteed cost control for
        uncertain linear time-delay systems},
        booktitle=cdc36,
        year={1997},
    month={December},
        volume={},
        number={},
        address={San Diego, CA},
        pages={1615--1620},
}

@Inproceedings{WG:97,
        author={F. Wu and K. M. Grigoriadis},
        title={{LPV} systems with parameter-varying time delays},
        booktitle=cdc36,
        year={1997},
    month={December},
        volume={},
        number={},
        address={San Diego, CA},
        pages={966--971},
}

@INPROCEEDINGS(PSdS:96,
 author = {A. W. Pila and U. Shaked and C. E. de{ }Souza},
 title = {{$\mathcal{H}_\infty$} filtering for continuous-time linear systems with delay},
 booktitle =  ifac96 ,
 year = {1996},
 volume = {J},
 pages = {49--54},
 address = {San Francisco, CA, USA}
)

@Inproceedings{LdS:96,
        author={X. Li and C. E. de{ }Souza},
        title={Robust stabilization and {$\mathcal{H}_\infty$} of uncertain
linear time-delay systems},
        booktitle=ifac96,
        year={1996},
        volume={H},
      number={},
      address={San Francisco, CA},
        pages={113--118},
}


@Inproceedings{FBB:92,
        author={E. Feron and V. Balakrishnan and S. Boyd},
        title={Design of stabilizing state feedback for
        delay systems via convex optimization},
        booktitle=cdc31,
        year={1992},
    month={December},
        volume={},
        number={},
        address={Tucson, AZ},
        pages={147--148},
}


%
% IEEE Transactions on Automatic Control
%

@article{KR:99,
   author = {V. B. Kolmanovskii and J. P. Richard},
   title = {Stability of some linear systems with delays},
   journal =ieeetac,
   volume ={44},
   number ={5},
   pages = {984--989},
   note = "",
   year = "1999"
}

@article{HQ:99,
   author = {C. H. Hou and J. X. Qian},
   title = {Remarks on quantitative analysis for a family of scalar delay differential inequalities},
   journal = ieeetac,
   volume = 44,
   number = 2,
   pages = {334--336},
   year = "1999"
}



@article{CSC:98,
   author = {Y. Y. Cao and Y. X. Sun and C. Cheng},
   title = {Delay-dependent robust stabilization of
   uncertain systems with multiple state delays},
   journal = ieeetac,
   volume = 43,
   number = 11,
   pages = {1608--1612},
   year = "1998"
}

@article{LvBWG:98,
   author = {J. S. Luo and P. P. J. {van den Bosch} and
   S. Weiland and A. Goldenberge},
   title = {Design of performance robustness for uncertain
   linear systems with state and control delays},
   journal = ieeetac,
   volume = 43,
   number = 11,
   pages = {1593--1596},
   year = "1998"
}

@article{JKP:98,
   author = {E. T. Jeung and J. H. Kim and H. B. Park},
   title = {${\mathcal{H}_\infty}$-output feedback controller
   design for linear systems with time-varying delayed
   state},
   journal = ieeetac,
   volume = 43,
   number = 7,
   pages = {971--974},
   year = "1998"
}

@article{SYdS:98,
   author = {U. Shaked and I. Yaesh and C. E. de{ }Souza},
   title = {Bounded real criteria for linear time-delay systems},
   journal = ieeetac,
   volume =43,
   number = 7,
   pages = {1016--1022},
   year = "1998"
}

@article{Shi:98,
   author = {P. Shi},
   title = {Filtering on sampled-data systems
   with parametric uncertainty},
   journal = ieeetac,
   volume =43,
   number = 7,
   pages = {1022-1027},
   year = "1998"
}


@article{GG:98,
   author = {G. I. Gomez and G. C. Goodwin},
   title = {Generalization of integral constraints on
   sensitivity to time-delay systems},
   journal =ieeetac,
   volume = 43,
   number = 7,
   pages = {1008--1012},
   year = "1998"
}




@article{SLH:98,
   author = {Y. J. Sun and C. H. Lien and J. G. Hsieh},
   title = {Comments on {D}-Stability of continuous time-delay
   systems subjected to a class of highly structured
   perturbations},
   journal =ieeetac,
   volume = 43,
   number = 5,
   pages = {689--689},
   year = "1998"
}
@article{Su:98,
   author = {J. H. Su},
   title = {Quantitative robustness measure of uncertain
   time delay systems via nonsingularity analysis},
   journal =ieeetac,
   volume = 43,
   number = 5,
   pages = {729--732},
   year = "1998"
}
@article{Nic:98,
   author = {S. I. Niculescu},
   title = {{${\mathcal{H}}_\infty$} memoryless control with an
   alpha-stability constraint for time-delay
   systems: An {LMI} approach},
   journal =ieeetac,
   volume = 43,
   number = 5,
   pages = {739--743},
   year = "1998"
}
@article{KKM:98,
   author = {H. Kokame and H. Kobayashi and T. Mori},
   title = {Robust {${\mathcal{H}}_\infty$} performance for linear
   delay-differential systems with time-varying uncertainties},
   journal =ieeetac,
   volume = 43,
   number = 2,
   pages = {223--226},
   year = "1998"
}
@article{CC:97a,
   author = {H. H. Choi and M. J. Chung},
   title = {Quadratic stabilization of continuous time systems
with state-delay and norm-bounded time-varying},
   journal =ieeetac,
   volume = 42,
   number = 12,
   pages = {1740--1742},
   year = "1997"
}

@article{TA:97,
   author = {H. Trinh and M. Aldeen},
   title = {A memoryless state observer for discrete
   time-delay systems},
   journal =ieeetac,
   volume =42,
   number =11,
   pages = {1572--1577},
   year = "1997"
}
@article{WM:97,
   author = {W. J. Wang and L. G. Mau},
   title = {Stabilization and estimation for perturbed discrete
   time-delay large-scale systems},
   journal =ieeetac,
   volume = 42,
   number = 9,
   pages = {1277--1282},
   year = "1997"
}
@article{Tad:97a,
   author = {G. Tadmor},
   title = {Robust control in the gap: A state-space solution
   in the presence of a single input delay},
   journal =ieeetac,
   volume = 42,
   number = 9,
   pages = {1330--1335},
   year = "1997"
}
@article{LdS:97a,
   author = {X. Li and C. E. de{ }Souza},
   title = {Delay-dependent robust stability and
   stabilization of uncertain linear delay systems:
   A linear matrix inequality approach},
   journal =ieeetac,
   volume = 42,
   number = 8,
   pages = {1144--1148},
   year = "1997"
}
@article{YL:97,
   author = {M. G. Yoon and B. H. Lee},
   title = {A new approximation method for time-delay systems},
   journal = ieeetac,
   volume = 42,
   number = 7,
   pages = {1008--1012},
   year = "1997"
}
@article{NDD:96,
   author = {S. I. Niculescu and J. M. Dion and L. Dugard},
   title = {Robust stabilization for uncertain time-delay systems
   containing saturating actuators},
   journal =ieeetac,
   volume = 41,
   number = 5,
   pages = {742--747},
   year = "1996"
}
@article{Bou:96,
   author = {H. Bourles},
   title = {On delay-independent stability of large-scale
   systems with time delays --- {C}omment},
   journal =ieeetac,
   volume =41,
   number =12,
   pages = {1847--1848},
   year = "1996"
}
@article{WM:96,
   author = {H. S. Wu and K. Mizukami},
   title = {Linear and nonlinear stabilizing continuous
   controllers uncertain dynamical systems including
   state delay},
   journal =ieeetac,
   volume =41,
   number = 1,
   pages = {116--121},
   year = "1996"
}
@article{Lee:95,
   author = {C. H. Lee},
   title = {{D}-Stability of continuous time-delay systems
   subjected to a class of highly structured perturbations},
   journal = ieeetac,
   volume = 40,
   number = 10,
   pages = {1803--1807},
   year = "1995"
}
@article{TA:95a,
   author = {H. Trinh and M. Aldeen},
   title = {Robust stability of singularly perturbed
   discrete-delay systems},
   journal =ieeetac,
   volume = 40,
   number = 9,
   pages = {1620--1623},
   year = "1995"
}

@article{CL:95,
   author = {J. Chen and H. A. Latchman},
   title = {Frequency sweeping tests for stability independent
   of delay},
   journal =ieeetac,
   volume = 40,
   number = 9,
   pages = {1640--1645},
   year = "1995"
}
@article{CXS:95,
   author = {J. Chen and D. M. Xu and B. Shafai},
   title = {On sufficient conditions for stability independent
   of delay},
   journal = ieeetac,
   volume = 40,
   number = 9,
   pages = {1675-1680},
   year = "1995"
}
@article{Chen:95,
   author = {J. Chen},
   title = {On computing the maximal delay intervals for
   stability of linear delay systems},
   journal = ieeetac,
   volume = 40,
   number = 6,
   pages = {1087-1093},
   year = "1995"
}
@article{Xu:95,
   author = {B. G. Xu},
   title = {On delay-independent stability of large-scale
   systems with time delays},
   journal = ieeetac,
   volume = 40,
   number = 5,
   pages = {930--933},
   year = "1995"
}

 @article{DGS:95,
   author = {H. Dym and T. T. Georgiou and M. C. Smith},
   title = {Explicit formulas for optimally robust controllers
   for delay systems},
   journal = ieeetac,
   volume = 40,
   number = 4,
   pages = {656--669},
   year = "1995"
}

@article{Dev:95,
   author = {R. Devanathan},
   title = {A lower-bound for limiting time-delay for
closed-loop stability of an arbitrary {SISO} plant},
   journal =ieeetac,
   volume = 40,
   number = 4,
   pages = {717-721},
   year = "1995"
}
@article{KI:95,
   author = {A. Kojima and S. Ishijima},
   title = {Robust controller-design for delay systems in the
   gap-metric},
   journal = ieeetac,
   volume = 40,
   number = 2,
   pages = {370--374},
   year = "1995"
}

@article{KZ:95,
   author = {V. L. Kharitonov and A. P. Zhabko},
   title = {Robust stability of time-delay systems},
   journal = ieeetac,
   volume = 39,
   number = 12,
   pages = {2388---2397},
   year = "1994"
}
@article{Gil:94,
   author = {M. I. Gil},
   title = {On absolute stability of differential-delay systems},
   journal =ieeetac,
   volume = 39,
   number = 12,
   pages = {2481--2484},
   year = "1994"
}
@article{Xu:94,
   author = {B. G. Xu},
   title = {Robust stability of delay dependence for linear
   uncertain systems --- Comments},
   journal =ieeetac,
   volume = 39,
   number = 11,
   pages = {2365--2365},
   year = "1994"
}
@article{MA:94a,
   author = {M. S. Mahmoud and N. F. Almuthairi},
   title = {Quadratic stabilization of continuous-time
   systems with state-delay and norm-bounded time-varying
   uncertainties},
   journal = ieeetac,
   volume = 39,
   number = 10,
   pages = {2135--2139},
   year = "1994"
}

@article{SS:94,
   author = {T. J. Su and W. J. Shyr},
   title = {Robust {D}-stability for linear uncertain discrete
   time-delay systems},
   journal = ieeetac,
   volume = 39,
   number = 2,
   pages = {425--428},
   year = "1994"
}

@article{LS:94,
   author = {B. Lehman and K. Shujaee},
   title = {Delay independent stability conditions and
   decay-estimates for time-varying functional-differential
   equations},
   journal = ieeetac,
   volume = 39,
   number = 8,
   pages = {1673--1676},
   year = "1994"
}
@article{Lam:94,
   author = {J. Lam},
   title = {Analysis on the Laguerre formula for approximating
   delay systems},
   journal = ieeetac,
   volume = 39,
   number = 7,
   pages = {1517--1521},
   year = "1994"
}
@article{SFT:94,
   author = {J. H. Su and I. K. Fong and C. L. Tseng},
   title = {Stability analysis of linear-systems with
   time-delay},
   journal = ieeetac,
   volume = 39,
   number = 6,
   pages = {1341--1344},
   year = "1994"
}

@article{MA:94b,
   author = {M. S. Mahmoud and N. F. Almuthairi},
   title = {Design of robust controllers for time-delay
   systems},
   journal = ieeetac,
   volume = 39,
   number = 5,
   pages = {995--999},
   year = "1994"
}
@article{WH:94,
   author = {J. W. Wu and K. S. Hong},
   title = {Delay-independent exponential stability-criteria
   for time-varying discrete delay systems},
   journal = ieeetac,
   volume = 39,
   number = 4,
   pages = {811--814},
   year = "1994"
}
@article{TFP:94,
   author = {J. Tuch and A. Feuer and Z. J. Palmor},
   title = {Time-delay estimation in continuous linear
   time-invariant systems},
   journal = ieeetac,
   volume = 39,
   number = 4,
   pages = {823--827},
   year = "1994"
}
@article{FL:94,
   author = {J. Fiala and R. Lumia},
   title = {The effect of time-delay and discrete control
   on the contact stability of simple position controllers},
   journal =ieeetac,
   volume = 39,
   number = 4,
   pages = {870--873},
   year = "1994"
}
@article{LKK:94,
   author = {J. H. Lee and S. W. Kim and W. H. Kwon},
   title = {Memoryless {${\mathcal{H}}_\infty$} controllers for state
   delayed systems},
   journal = ieeetac,
   volume = 39,
   number = 1,
   pages = {159--162},
   year = "1994"
}
@article{PF:92,
   author = {S. Phoojaruenchanachai and K. Furuta},
   title = {Memoryless stabilization of uncertain linear systems
   including time-varying state delays},
   journal = ieeetac,
   volume = 37,
   number = 7,
   pages = {1022--1026},
   year = "1992"
}




%
%AUTOMATICA
%


@article{Bli:02b,
   author = {P.-A. Bliman},
   title = {Absolute stability criteria with prescribed decay rate for 
            finite-dimensional and delay systems},
   journal =aut,
   volume ={38},
   number ={11},
   pages = {2015--2019},
   month = "November",
   year = "2002"
}

@article{dSL:99,
   author = {C. E. de{ }Souza and X. Li},
   title = {Delay-dependent robust {${\mathcal{H}}_\infty$} control
   of uncertain linear state-delayed systems},
   journal =aut,
   volume ={35},
   number ={7},
   pages = {1313--1321},
   note = "",
   year = "1999"
}

@article{SKYK:99,
   author = {S. H. Song and J. K. Kim and C. H. Yim and
   H. C. Kim},
   title = {{${\mathcal{H}}_\infty$} control of discrete-time
   linear systems with time-varying delays in state},
   journal =aut,
   volume ={35},
   number ={9},
   pages = {1587--1591},
   note = "",
   year = "1999"
}

@article{KP:99,
   author = {J. H. Kim and H. B. Park},
   title = {{${\mathcal{H}}_\infty$} state feedback control for
   generalized continuous/discrete time-delay system},
   journal =aut,
   volume ={35},
   number ={8},
   pages = {1443--1451},
   month = "August",
   year = "1999"
}

@article{YC:99,
   author = {L. Yu and J. Chu},
   title = {An {LMI} approach to guaranteed cost
   control of linear uncertain time-delay systems},
   journal =aut,
   volume ={35},
   number ={6},
   pages = {1155--1159},
   month = "June",
   year = "1999"
}


@article{WHU:99a,
   author = {Z. D. Wang and B. Huang and H. Unbehauen},
   title = {Robust {{$\mathcal{H}_\infty$}} observer design of
   linear state delayed systems with parametric uncertainty:
   the discrete-time case},
   journal =aut,
   volume ={35},
   number ={6},
   pages = {1161--1167},
   note = "",
   year = "1999"
}


@article{HM:98,
   author = {Q. L. Han and D. Mehdi},
   title = {Comments on {``R}obust control for
parameter uncertain delay systems in state and control input''},
   journal =aut,
   volume = 34,
   number = 12,
   pages = {1665--1666},
   year = "1998"
}

@article{KJP:98,
   author = {J. H. Kim and E. T. Jeung and H. B. Park},
   title = {Comments on {``R}obust control for parameter uncertain delay systems in state and control input'' --- {A}uthor's reply},
   journal =aut,
   volume = 34,
   number = 12,
   pages = {1666--1666},
   year = "1998"
}

@article{GH:98b,
   author = {M. J. Grimble and G. Hearns},
   title = {{LQG} controllers for state-space systems with pure transport delays: application to hot strip mills},
   journal =aut,
   volume = 34,
   number = 10,
   pages = {1169--1184},
   year = "1998"
}

@article{KH:98,
   author = {V. Kapila and W. M. Haddad},
   title = {Memoryless {${\mathcal{H}}_\infty$} controllers
   for discrete-time systems with time delay},
   journal =aut,
   volume = 34,
   number = 9,
   pages = {1141--1144},
   year = "1998"
}

@article{GWL:98,
   author = {Y. R. Gu and S. C. Wang and Q. Q. Li and Z. Q. Cheng and
        J. X. Qian},
   title = {On delay-dependent stability and decay estimate for
   uncertain systems with time-varying delay},
   journal =aut,
   volume = 34,
   number = 8,
   pages = {1035--1039},
   year = "1998"
}
@article{MB:98,
   author = {M. S. Mahmoud and S. Bingulac},
   title = {Robust design of stability controllers for
   interconnected time-delay systems},
   journal =aut,
   volume = 34,
   number = 6,
   pages = {795--800},
   year = "1998"
}
@article{Kha:98,
   author = {R. {El-Khazali}},
   title = {Variable structure robust control of uncertain
   time-delay systems},
   journal = aut,
   volume = 34,
   number = 3,
   pages = {327--332},
   year = "1998"
}
@article{SK:98,
   author = {S. H. Song and J. K. Kim},
   title = {{${\mathcal{H}}_\infty$} control of discrete-time linear
   systems with norm-bounded uncertainties and time
   delay in state},
   journal = aut,
   volume =34,
   number = 1,
   pages = {137--139},
   year = "1998"
}
@article{LdS:97b,
   author = {X. Li and C. E. de{ }Souza},
   title = {Criteria for robust stability and stabilization of
   uncertain linear systems with state delay},
   journal = aut,
   volume = 33,
   number = 9,
   pages = {1657--1662},
   year = "1997"
}
@article{NZ:97,
   author = {L. Naimark and E. Zeheb},
   title = {All constant gain stabilizing controllers for an
   interval delay system with uncertain parameters},
   journal =  aut,
   volume = 33,
   number = 9,
   pages = {1669--1675},
   year = "1997"
}
@article{CC:97b,
   author = {H. H. Choi and M. J. Chung},
   title = {Robust observer-based {${\mathcal{H}}_\infty$}
   controller design for linear uncertain time-delay systems},
   journal = aut,
   volume = 33,
   number = 9,
   pages = {1749--1752},
   year = "1997"
}
@article{CC:97c,
   author = {H. H. Choi and M. J. Chung},
   title = {An {LMI} approach to {${\mathcal{H}}_\infty$}
controller design
   for linear time-delay systems},
   journal = aut,
   volume = 33,
   number = 4,
   pages = {737--739},
   year = "1997"
}
@article{LvdB:97,
   author = {J. S. Luo and P. P. J. {van den Bosch}},
   title = {Independent of delay stability criteria for
   uncertain linear state space models},
   journal =aut,
   volume = 33,
   number = 2,
   pages = {171--179},
   year = "1997"
}
@article{YXS:96,
   author = {L. Yu and J. Chu and H. Y. Su},
   title = {Robust memoryless {${\mathcal{H}}_\infty$} controller
   design for linear time-delay systems with norm-bounded},
   journal = aut,
   volume = 32,
   number = 12,
   pages = {1759--1762},
   year = "1996"
}
@article{KJP:96,
   author = {J. H. Kim and B. T. Jeung and H. B. Park},
   title = {Robust control for parameter uncertain delay
   systems in state and control input},
   journal = aut,
   volume = 32,
   number = 9,
   pages = {1337--1339},
   year = "1996"
}
@article{GFL:96,
   author = {J. H. Ge and P. M. Frank and C. F. Lin},
   title = {Robust {${\mathcal{H}}_\infty$} state feedback control
   for linear systems with state delay and parameter
   uncertainty},
   journal =  aut,
   volume = 32,
   number = 8,
   pages = {1183--1185},
   year = "1996"
}
@article{Hma:96,
   author = {A. Hmamed},
   title = {Componentwise stability of continuous-time delay
   linear systems},
   journal = aut,
   volume = 32,
   number = 4,
   pages = {651--653},
   year = "1996"
}
@article{TO:95,
   author = {O. Toker and H. Ozbay},
   title = {Gap metric problem for {MIMO} delay systems ---
   parametrization of all suboptimal controllers},
   journal = aut,
   volume = 31,
   number = 7,
   pages = {931--940},
   year = "1995"
}
@article{KL:95,
   author = {J. Kogan and A. Leizarowitz},
   title = {Frequency-domain criterion for robust stability
   of interval time-delay systems},
   journal = aut,
   volume = 31,
   number = 3,
   pages = {463--469},
   year = "1995"
}



%
% IJC
%

@article{KNR:99,
   author = {V. B. Kolmanovskii and S. I. Niculescu
   and J. P. Richard},
   title = {On the {L}iapunov-{K}rasovskii functionals for
   stability analysis of linear delay systems},
   journal = ijc,
   volume ={72},
   number ={4},
   pages = {374--384},
   year = "1999"
}

@article{PMK:98,
   author = {P. Park and Y. S. Moon and W. H. Kwon},
   title = {Robust stability criteria for uncertain time-delay systems},
   journal = ijc,
   volume ={},
   number ={},
   pages = {},
   note = "Submitted",
   year = "1998"
}

@article{Gu:97,
   author = {K. Q. Gu},
   title = {Discretized {LMI} set in the stability problem of
   linear uncertain time-delay systems},
   journal = ijc,
   volume = 68,
   number = 4,
   pages = {923--934},
   year = "1997"
}
@article{NC:97,
   author = {L. Naimark and N. Cohen},
   title = {{${\mathcal{H}}_\infty$} controller design for pure delay
   and other distributed systems},
   journal = ijc,
   volume = 67,
   number = 3,
   pages = {355--369},
   year = "1997"
}
@article{YZK:97,
   author = {Y. X. Yao and Y. M. Zhang and R. Kovacevic},
   title = {Functional observer and state feedback for input
   time-delay systems},
   journal = ijc,
   volume = 66,
   number = 4,
   pages = {603--617},
   year = "1997"
}

@article{Aru:96,
   author = {S. Arunsawatwong},
   title = {Stability of retarded delay differential systems},
   journal = ijc,
   volume = 65,
   number = 2,
   pages = {347--364},
   year = "1996"
}
@article{Hal:96,
   author = {Y. Halevi},
   title = {Reduced-order models with delay},
   journal =  ijc,
   volume =  64,
   number = 4,
   pages = {733--744},
   year = "1996"
}
@article{SV:95,
   author = {T. Singh and S. R. Vadali},
   title = {Robust time-delay control of multimode systems},
   journal = ijc,
   volume =  62,
   number =  6,
   pages = {1329--1339},
   year = "1995"
}
@article{TA:95b,
   author = {H. Trinh and M. Aldeen},
   title = {{D}-Stability analysis of discrete-delay pertubed
   systems},
   journal = ijc,
   volume = 61,
   number = 2,
   pages = {493--505},
   year = "1995"
}
@article{XA:94,
   author = {D. Y. Xue and D. P. Atherton},
   title = {A suboptimal reduction algorithm for linear-systems
   with a time-delay},
   journal = ijc,
   volume =  60,
   number = 2,
   pages = {181--196},
   year = "1994"
}
@article{TA:94,
   author = {H. Trinh and M. Aldeen},
   title = {Stabilization of uncertain dynamic delay systems
   by memoryless feedback controllers},
   journal = ijc,
   volume = 59,
   number = 6,
   pages = {1525--1542},
   year = "1994"
}



%
% SCL
%
@article{LS:98,
   author = {P. L. Liu and T. J. Su},
   title = {Robust stability of interval time-delay systems
   with delay-dependence},
   journal = scl,
   volume = 33,
   number = 4,
   pages = {231--239},
   year = "1998"
}

@article{FS:98,
   author = {E. Fridman and U. Shaked},
   title = {{${\mathcal{H}}_\infty$}-state-feedback control of linear
   systems with small state delay},
   journal = scl,
   volume = 33,
   number = 3,
   pages = {141--150},
   year = "1998"
}
@article{HT:96,
   author = {A. Hmamed and E. Tissir},
   title = {Delay independent robust stability of uncertain linear
systems --- {C}omment},
   journal =  scl,
   volume =  29,
   number =  2,
   pages = {119--120},
   year = "1996"
}
@article{Yuan:96,
   author = {L. S. Yuan},
   title = {Robust analysis and synthesis of linear time-delay
   systems with norm-bounded time-varying uncertainty},
   journal = scl,
   volume = 28,
   number = 5,
   pages = {281--289},
   year = "1996"
}
@article{CGN:95,
   author = {J. Chen and G. X. Gu and C. N. Nett},
   title = {A new method for computing delay margins for
   stability of linear delay systems},
   journal = scl,
   volume = 26,
   number = 2,
   pages = {107--117},
   year = "1995"
}
@article{LJV:95,
   author = {J. S. Luo and A. Johnson and P. P. J. {Van den Bosch}},
   title = {Delay-independent robust stability of uncertain
   linear-systems},
   journal = scl,
   volume = 24,
   number = 1,
   pages = {33--39},
   year = "1995"
}
@article{Su:94,
   author = {J. H. Su},
   title = {Further results on the robust stability of
   linear-systems with a single time-delay},
   journal = scl,
   volume =23,
   number = 5,
   pages = {375--379},
   year = "1994"
}
@article{TH:94,
   author = {E. Tissir and A. Hmamed},
   title = {Stability-tests of interval time-delay systems},
   journal = scl,
   volume = 23,
   number = 4,
   pages = {263--270},
   year = "1994"
}
@article{TFS:94,
   author = {C. L. Tseng and I. K. Fong and J. H. Su},
   title = {Robust stability analysis for uncertain delay
   systems with output-feedback controller},
   journal = scl,
   volume = 23,
   number = 4,
   pages = {271--278},
   year = "1994"
}


@article{Bli:01a,
   author = {P.-A. Bliman},
   title = {{LMI} characterization of the strong delay-independent 
          stability of linear delay systems via quadratic 
         {L}yapunov-{K}rasovskii functionals},
   journal = scl,
   volume = 43,
   number = 4,
   pages = {263--274},
   year = "2001",
   month="July",
}
%
%ASME JDS
%
@article{HP:96,
   author = {F. H. Hsiao and S. T. Pan},
   title = {Robust {K}alman filter synthesis for uncertain
   multiple time-delay stochastic systems},
   journal =jdsasme,
   volume =  118,
   number =  4,
   pages = {803--808},
   year = "1996"
}
@article{Ouc:96,
   author = {S. Oucheriah},
   title = {Measures of robustness for uncertain time-delay
   linear systems (vol. 117, pp. 633, 1995)},
   journal = jdsasme,
   volume = 118,
   number = 1,
   pages = {65--65},
   year = "1996"
}
@article{Ouc:95,
   author = {S. Oucheriah},
   title = {Measures of robustness for uncertain time-delay
   linear systems},
   journal = jdsasme,
   volume = 117,
   number = 4,
   pages = {633--635},
   year = "1995"
}


@article{Gri:98,
   author = {M. J. Grimble},
   title = {{LQG} controllers for discrete-time multivariable systems with different transport delays in signal channels},
   journal = ieepcta,
   volume = 145,
   number = 5,
   pages = {449--462},
   year = "1998"
}

@article{CSL:98,
   author = {Y. Y. Cao and Y. X. Sun and J. Lam},
   title = {Delay-dependent robust {${\mathcal{H}}_\infty$}
   control for uncertain systems with time-varying delays},
   journal = ieepcta,
   volume = 145,
   number = 3,
   pages = {338--344},
   year = "1998"
}
@article{Shen:97,
   author = {J. C. Shen},
   title = {Designing stabilising controllers and observers for
   uncertain linear systems with time-varying delay},
   journal =ieepcta,
   volume = 144,
   number = 4,
   pages = {331--333},
   year = "1997"
}
@article{MP:97,
   author = {S. O. R. Moheimani and I. R. Petersen},
   title = {Optimal quadratic guaranteed cost control of a
   class of uncertain time-delay systems},
   journal = ieepcta,
   volume = 144,
   number = 2,
   pages = {183--188},
   year = "1997"
}
@article{YZK:96,
   author = {Y. X. Yao and Y. M. Zhang and R. Kovacevic},
   title = {Parameterisation of observers for time delay
   systems and its application in observer design},
   journal = ieepcta,
   volume = 143,
   number = 3,
   pages = {225--232},
   year = "1996"
}
@article{TLS:96,
   author = {J. T. Tsay and P. L. Liu and T. J. Su},
   title = {Robust stability for perturbed large-scale
   time-delay systems},
   journal = ieepcta,
   volume = 143,
   number = 3,
   pages = {233--236},
   year = "1996"
}
@article{SR:95,
   author = {Z. Shao and J. T. Rowland},
   title = {Stability of time-delay singularly perturbed systems},
   journal = ieepcta,
   volume = 142,
   number = 2,
   pages = {111-113},
   year = "1995"
}

%
%IEEE-outros
%
@article{LW:98,
   author = {J. Li and R. Wu},
   title = {An efficient algorithm for time delay estimation},
   journal = ieeetsp,
   volume = 46,
   number = 8,
   pages = {2231--2235},
   year = "1998"
}



%
% IJSS
%
@article{SCW:98,
   author = {H. Y. Su and J. Chu and J. C. Wang},
   title = {A memoryless robust stabilizing controller for
   a class of uncertain linear time-delay system},
   journal = ijss,
   volume = 29,
   number = 2,
   pages = {191--197},
   year = "1998"
}
@article{Chu:97,
   author = {T. G. Chu},
   title = {Analysis of practical stability and {L}yapunov
   stability of linear time-varying neutral delay systems},
   journal =ijss,
   volume = 28,
   number = 9,
   pages = {919--924},
   year = "1997"
}
@article{XFB:96,
   author = {B. G. Xu and Y. F. Fu and L. Bai},
   title = {Further results on robust bounds for large-scale
   time-delay systems with structured and unstructured
   uncertainties},
   journal = ijss,
   volume = 27,
   number = 12,
   pages = {1491--1495},
   year = "1996"
}
@ARTICLE{SCHC:96,
  author = {Y.-J. Sun and J.-S. Cheng and J.-G. Hsieh and C.-C. Chen},
  title = {Feedback control of a class of nonlinear singularly perturbed systems
    with time delay},
  journal = ijss,
  year = {1996},
  volume = {27},
  pages = {589--596},
  number = {6},
  month = {June},
}

@article{YZ:96,
   author = {Z. Yi and S. M. Zhong},
   title = {Robust stability of a class of uncertain
   nonlinear dynamical systems with time-varying delay --- {C}omment},
   journal = ijss,
   volume = 27,
   number = 5,
   pages = {515--516},
   year = "1996"
}
@article{SG:95,
   author = {G. M. Schoen and H. P. Geering},
   title = {A note on robustness bounds for large-scale
   time-delay systems},
   journal = ijss,
   volume = 26,
   number = 12,
   pages = {2441-2444},
   year = "1995"
}
@article{Sinha:95,
   author = {A. S. C. Sinha},
   title = {Stabilization of uncertain large-scale
   delay-differential control systems},
   journal = ijss,
   volume = 26,
   number = 11,
   pages = {2227--2233},
   year = "1995"
}
@article{LLK:95a,
   author = {C. H. Lee and T. H. S. Li and F. C. Kung},
   title = {New results for the stability of uncertain
   time-delay systems},
   journal = ijss,
   volume = 26,
   number = 4,
   pages = {999-1004},
   year = "1995"
}
@article{Liu:95,
   author = {P. L. Liu},
   title = {Stabilization of input delay constrained systems
   with delay dependence},
   journal = ijss,
   volume = 26,
   number = 2,
   pages = {245--255},
   year = "1995"
}
@article{LLK:95b,
   author = {C. H. Lee and T. H. S. Li and F. C. Kung},
   title = {On the robustness of stability for uncertain
   time-delay systems},
   journal = ijss,
   volume = 26,
   number = 2,
   pages = {457--465},
   year = "1995"
}
@article{WM:94a,
   author = {H. S. Wu and K. Mizukami},
   title = {Robust stability of a class of uncertain nonlinear
   dynamical-systems with time-varying delay},
   journal = ijss,
   volume = 25,
   number = 12,
   pages = {2285--2296},
   year = "1994"
}
@article{Alv:94,
   author = {J. Alvarezgallegos},
   title = {Disturbance rejection of time-delay systems},
   journal = ijss,
   volume = 25,
   number = 6,
   pages = {1081--1091},
   year = "1994"
}



%
%JOTA
%
@article{SH:98,
   author = {Y. J. Sun and J. G. Hsieh},
   title = {Robust stabilization for a class of uncertain
   nonlinear systems with time-varying delay:
   {R}azumikhin-type approach},
   journal = jota,
   volume = 98,
   number = 1,
   pages = {161--173},
   year = "1998"
}
@article{Wu:98,
   author = {H. S. Wu},
   title = {Sufficient conditions for robust stability of {LQG}
   optimal control systems including delayed perturbations},
   journal = jota,
   volume = 98,
   number = 1,
   pages = {437--451},
   year = "1998"
}
@article{CWM:96,
   author = {Y. H. Chen and W. J. Wang and L. G. Mau},
   title = {Robust stabilization of large-scale time-delay
   systems with estimated state feedback},
   journal = jota,
   volume = 89,
   number = 3,
   pages = {543--559},
   year = "1996"
}
@article{Chen:96,
   author = {Y. H. Chen},
   title = {Decentralized robust control design for uncertain
   delay systems},
   journal = jota,
   volume = 89,
   number = 2,
   pages = {311--323},
   year = "1996"
}
@article{LY:96,
   author = {C. H. Lee and S. P. Yung},
   title = {Sufficient conditions for optimal control
   problems with time delay},
   journal = jota,
   volume = 88,
   number = 1,
   pages = {157--176},
   year = "1996"
}
@article{TV:96,
   author = {G. I. Tsoutsinos and R. B. Vinter},
   title = {Duality theorems for convex problems with
   time-delay},
   journal =  jota,
   volume = 87,
   number = 1,
   pages = {167--195},
   year = "1995"
}
@article{WM:94b,
   author = {H. S. Wu and K. Mizukami},
   title = {Robust stabilization of uncertain linear
   dynamical-systems with time-varying delay},
   journal = jota,
   volume = 82,
   number = 3,
   pages = {593--606},
   year = "1994"
}
@article{WWM:94,
   author = {H. S. Wu and R. A. Willgoss and K. Mizukami},
   title = {Robust stabilization for a class of uncertain
   dynamical-systems with time-delay},
   journal =  jota,
   volume =  82,
   number =  2,
   pages = {361--378},
   year = "1994"
}



%
% SIAM-varios
%

@ARTICLE(He:98,
 author = {X. Z. He},
 title = {The {L}yapunov functionals for delay  {L}otka-{V}olterra-type models},
 journal =  siamjam ,
 year = "1998",
 volume =  58 ,
 number =  4 ,
 pages = {1222--1236}
)


@article{Tad:97b,
   author = {G. Tadmor},
   title = {Weighted sensitivity minimization in systems with
   a single input delay: a state space solution},
   journal =  siamjco,
   volume =  35,
   number =  5,
   pages = {1445--1469},
   year = "1997"
}
@article{Glu:97,
   author = {H. GlusingLuerssen},
   title = {A behavioral approach to delay-differential systems},
   journal =  siamjco,
   volume = 35,
   number =2 ,
   pages = {480--499},
   year = "1997"
}
@article{RW:97,
   author = {P. Rocha and J. C. Willems},
   title = {Behavioral controllability of delay-differential
   systems},
   journal = siamjco,
   volume =  35,
   number =  1,
   pages = {254--264},
   year = "1997"
}
@article{BP:97,
   author = {C. Baker and C. A. H. Paul},
   title = {Pitfalls in parameter estimation for delay
   differential equations},
   journal = siamjsc,
   volume = 18,
   number = 1,
   pages = {305--314},
   year = "1997"
}
@article{Hab:96,
   author= {L. C. G. J. M. Habets},
   title = {On the genericity of stabilizability for
   time-delay systems},
   journal = siamjco,
   volume = 34,
   number = 3,
   pages = {833-854},
   year = "1996"
}

%
%  Chapters in Books
%


@INCOLLECTION(NVDD:97,
 author = "S. I. Niculescu and E. I. Verriest and L. Dugard and  J. M. Dion",
 title = "Stability and Robust Stability of Time-Delay System: A Guided Tour",
 booktitle = "Stability and Control of Time-delay Systems",
 publisher = "Springer-Verlag",
 year = "1997",
 editor = "L. Dugard and E. I. Verriest",
 pages = {1--71},
 address = "Berlin"
)


%
%  Books
%

@Book{ZJ:87,
  author =       {M. Malek-Zavarei and M. Jamshidi},
  title =        {Time-Delay Systems: Analysis, Optimization and Applications},
  publisher =    {North-Holland},
  year =         {1987},
  address =      {Amsterdam, The Netherlands}
}

@book{DV:97,
   author = "L. Dugard and E. I. Verriest",
   publisher = "Springer-Verlag",
   title = "Stability and Control of Time-delay Systems",
   year = "1997",
   address = "Berlin, Germany"
}

@book{hale,
   author = "J. Hale and S. M. V. Lunel",
   publisher = "Springer-Verlag",
   title = "Introduction to Functional Differential Equations",
   year = "1993",
   address = "New York"
}

%
% 09/11/99 (Reinaldo)
%


@article{PSdS:99,
   author= {A. W. Pila and U. Shaked and C. E. de{ }Souza},
   title = {{$\mathcal{H}_{\infty}$} filtering for continuous-time
   linear systems with delay},
   journal = ieeetac,
   volume = 44,
   number = 7,
   pages = {1412--1417},
   year = "1999"
}

%
% 15/02/2000 - IFAC99
%

@Inproceedings{HM:99,
        author={Q. L. Han and D. Mehdi},
        title={Robust {{${\mathcal{H}}_\infty$}} controller synthesis for
uncertain systems with multiple time-varying delays: an {LMI} approach},
        booktitle=ifac99,
        volume={C},
        address={Beijing, P. R. China},
        pages={271--276},
        year={1999},
        month={July}
}

@Inproceedings{GLCQ:99,
        author={Y. Gu and Q. Li and Z. Cheng and J. Qian},
        title={Reliable {{${\mathcal{H}}_\infty$}} control for
uncertain time-delay systems using {LMI}},
        booktitle=ifac99,
        volume={G},
        address={Beijing, P. R. China},
        pages={181--184},
        year={1999},
        month={July}
}

@Inproceedings{ZT:99,
        author={M. Zhang and T. J. Tarn},
        title={Observer-based {{${\mathcal{H}}_\infty$}}-control for
uncertain time-delay systems by using {LMI}},
        booktitle=ifac99,
        volume={G},
        address={Beijing, P. R. China},
        pages={203--208},
        year={1999},
        month={July}
}

@Inproceedings{WHU:99b,
        author={Z. Wang and B. Huang and H. Unbehauen},
        title={Robust {{${\mathcal{H}}_\infty$}} observers for
uncertain time-delay systems: {(I)} the continous-time case},
        booktitle=ifac99,
        volume={G},
        address={Beijing, P. R. China},
        pages={231--236},
        year={1999},
        month={July}
}


@Inproceedings{NdSDD:95,
        author={S. I. Niculescu  and C. E. de{ }Souza and
    J. M. Dion and L. Dugard},
        title={Robust {${\mathcal{H}}_\infty$} memoryless control for
uncertain linear systems with time-varying delay},
        booktitle=ecc95,
        year={1995},
        month={},
        volume={},
        address={Rome,  Italy},
        pages={1814--1818},
}

%  novas referencias em 18/09/2003

@article{SBSA:03,
   author = {P. Shi and E. K. Boukas and Y. Shi and R. K. Agarwal},
   title = {Optimal guaranteed cost control of uncertain discrete time-delay systems},
   journal ={Journal of Computational and Applied Mathematics},
   volume = 157,
   number = 2,
   pages = {435--451},
   year = "2003",
   month = "August",
}

%  novas referencias em 15/04/2004

@ARTICLE{FS:02c,
	 author =	 "E. Fridman and U. Shaked",
	 title = 	"An improved stabilization method for linear time-delay systems ",
	 journal = 	 ieeetac,
	 year = 	 "2002",
	 month = 	 "November",
	 volume = 	 "47",
	 number = 	 "11",
	 pages = 	 "1931--1937",
}

@ARTICLE{FS:03a,
	 author =	 "E. Fridman and U. Shaked",
	 title = 	"Parameter dependent stability and stabilization of uncertain time-delay systems",
	 journal = 	 ieeetac,
	 year = 	 "2003",
	 month = 	 "May",
	 volume = 	 "48",
	 number = 	 "5",
	 pages = 	 "861--866",
}

@ARTICLE{FS:03b,
	 author =	 "E. Fridman and U. Shaked",
	 title = 	"Delay-dependent stability and H-infinity control: constant and time-varying  ",
	 journal = 	 ijc,
	 year = 	 "2003",
	 month = 	 "January",
	 volume = 	 "76",
	 number = 	 "1",
	 pages = 	 "48--60",
}

@INPROCEEDINGS(PTGL:03,
 author =  "P. L. D. Peres and S. Tarbouriech and G. Garcia and V. J. S.
Leite",
 title = "Robust stability of time-delay continuous-time systems in
polytopic domains",
 booktitle = ecc03,
 year ="2003",
 month = "September",
 OPTpages = " ",
 address = "Cambridge, UK",
 note = "in CD-rom"
)

@INPROCEEDINGS(LPT:03,
 author =  "V. J. S. Leite and P. L. D. Peres and S. Tarbouriech",
 title = "Less conservative time-delay independent {LMI} conditions for
 continuous-time polytopic systems",
 booktitle = wltds03,
 year ="2003",
 month = "September",
 OPTpages = { },
 note = "in CD-rom",
 address = {Rocquencourt, France},
)

@INPROCEEDINGS(LTP:04a,
 author =  "V. J. S. Leite and S. Tarbouriech and P. L. D. Peres",
 title = "A convex approach for robust state feedback control of
discrete-time
 systems with state delay",
 booktitle = acc04,
 year ="2004",
 month = "June/July",
 pages = {2870--2875},
 address = {Boston, MA, USA}
)

@ARTICLE{Xu:02,
  author = {S. Xu},
  month = {December},
  year = 2002,
  title = {Robust {${\mathcal{H}}_\infty$} filtering for a class of discrete-time uncertain
  nonlinear systems with state delay},
  journal = ieeetcsI,
  volume = {49},
  number = {12},
  pages = {1853--1859}
}

@article{XC:04,
   author = {S. Xu and T. Chen},
   title = {Robust {${\mathcal{H}}_\infty$} control for uncertain discrete-time
     systems with time-varying delays via exponential output feedback controllers},
   journal = scl,
   volume = "51",
   number = "3-4",
   pages = {171--183},
   year = "2004"
}
 
@article{ZWH:04,
   author = {Z. Zuo and J. Wang and L. Huang},
   title = {Robust stabilization for non-linear discrete-time systems},
   journal =ijc,
   volume = "77",
   number = "4",
   pages = {384--388},
   year = "2004",
   month={March},
}

@article{CC:03,
   author = {S.-H. Chen and J.-H. Chou},
   title = {Stability robustness of linear discrete singular time-delay
                 systems with structured parameter uncertainties},
   journal =ieepcta,
   volume = "150",
   number = "3",
   pages = {295--302},
   month = "May",
   note = "",
   year = "2003"
}

@article{HD:03,
   author = {G. Hu and E. J. Davison},
   title = {Real stability radii of linear time-invariant time-delay
systems},
   journal = scl,
   volume = "50",
   number = {},
   pages = {209--219},
   month = {},
   note = "",
   year = "2003"
}

@article{KP:90a,
   author = {M. Kinnaert and Y. Peng},
   title = {Discrete-time {LQG/LTR} technique for systems  with  time delays},
   journal = scl,
   volume = "15",
   number = {4},
   pages = {303--311},
   month = {November},
   note = "",
   year = "1990"
}

@article{MX:00,
   author = {M. S. Mahmoud and L. Xie},
   title = {Guaranteed cost control of uncertain discrete systems with
delays},
   journal =ijc,
   volume = "73",
   number = "2",
   pages = {105--114},
   month = "January",
   year = "2000"
}

@article{XLY:01a,
   author = {S. Xu and J. Lam and C. Yang},
   title = {Quadratic stability and stabilization of uncertain linear
                discrete-time systems with state delay},
   journal = scl,
   volume = "43",
   number = "2",
   pages = {77--84},
   year = "2001"
}

@article{WHU:99,
   author = {Z. Wang and B. Huang and H. Unbehauen},
   title = {Robust {${\mathcal{H}}_\infty$} observer design of linear state
delayed
                systems with parametric uncertainty: the discrete-time
                case},
   journal =aut,
   volume = 35,
   number = "",
   pages = {1161--1167},
   note = "",
   year = "1999"
}

@Inproceedings{FS:03c,
        author={E. Fridman and U. Shaked},
        title={An {LMI} approach to stability of discrete delay systems},
        booktitle=ecc03,
        year={2003},
        month={September},
        OPTvolume={},
        OPTnumber={},
        address={Cambridge, UK},
        OPTpages={ },
}

@article{LHLK:92,
   author = {C.-H. Lee and T.-Hseng and S. Li and F.-C. Kung},
   title = {D-stability analysis for  discrete systems with a time delay},
   journal = scl,
   volume = "19",
   number = {3},
   pages = {213--219},
   month = {September},
   note = "",
   year = "1992"
}

@article{Ric:03,
   author = {J.-P. Richard},
   title = {Time-delay systems: an overview of some recent advances and open problems},
   journal = aut,
   volume = "39",
   number = "10",
   pages = {1667--1694},
   month = "October",
   note = "",
   year = "2003"
}


% acrescido em 1/6/2004

@article{CSH:93,
   author = {J. Chu and H. Su and X. Hu},
   title = {A time-delay control algorithm for an industrial electric
heater},
   journal =jpc,
   volume = "3",
   number = "4",
   pages = {219--224},
   year = "1993"
}

@article{Chu:95,
   author = {J. Chu},
   title = {Application of a discrete optimal tracking controller to
an industrial electric heater with pure delays},
   journal =jpc,
   volume = "5",
   number = "1",
   pages = {3--8},
   year = "1995"
}

@article{Tam:75,
   author = {H. Tamura},
   title = {Decentralized optimization for distributed-lag models
   of discrete systems},
   journal =aut,
   volume ={11},
   number ={6},
   pages = {593--602},
   month = "",
   year = "1975"
}

@article{ZKT:01,
   author = {J. Zhang and C. Knospe and P. Tsiotras},
   title = {Stability of time-delay systems: equivalence between {L}yapunov and scaled small-gain conditions},
   journal = ieeetac,
   volume = {46},
   number = {3},
   pages = {482--486},
   year = "2001",
   month={March}
}


@article{ZKT:03,
   author = {H. R. Zhang and C. Knospe and P. Tsiotras},
   title = {New results for the analysis of linear systems with time-invariant delays},
   journal = ijrnlc,
   volume = {13},
   number = {12},
   pages = {1149--1175},
   year = "2003",
   month={October}
}


@INPROCEEDINGS(LdS:95,
 author = {X. Li and C. E. de{ }Souza},
 title = {{LMI} approach to delay-dependent robust stability and stabilization of uncertain linear delay systems},
 booktitle = cdc34,
        address={New Orleans, LA, USA},
 year = {1995},
 pages = {3614--3619},
 month = {December},
)


@INPROCEEDINGS(NTDD:95a,
 author = {S.-I. Niculescu and A. T. Neto and J.-M. Dion and L. Dugard},
 title = {Delay-dependent stability of linear systems with delayed state: An {LMI} approach},
 booktitle = cdc34 ,
        address={New Orleans, LA, USA},
 year = {1995},
 pages = {1495--1497},
 month = {December},
)


@INPROCEEDINGS(NC:99,
 author = {S.-I. Niculescu and J. Chen},
 title = {Frequency sweeping tests for asymptotic stability: a model
transformation for multiple delays},
 booktitle = cdc38,
	address={Phoenix, AZ, USA},
 year = {1999},
 pages = {4678--4683},
 month = {December},
)

@INPROCEEDINGS(HZ:99,
 author = {Y. Huang and K. Zhou},
 title = {Robust control of uncertain time delay systems},
 booktitle = cdc38,
	address={Phoenix, AZ, USA},
 year = {1999},
 pages = {1130--1135},
 month = {December},
)

@article{Par:99,
   author = {P. Park},
   title = {A delay-dependent stability criterion for systems with uncertain time-invariant delays},
   journal = ieeetac,
   volume = {44},
   number = {4},
   pages = {876--877},
   year = "1999",
   month={April}
}

@INPROCEEDINGS(VFK:93,
 author = {E. I. Verriest and M. K. H. Fan and J. Kullstam},
 title = {Frequency domain robust stability criteria for linear delay systems},
 booktitle =  cdc32 ,
 year = {1993},
 pages = {3473--3478},
 month = {December},
)

@article{ZTK:02,
author = {X. Zhang and P. Tsiotras and C. Knospe},
title = {Stability analysis of {LPV} time-delayed systems},
journal = ijc,
volume = 75,
number = 7,
pages = {538--558},
year = 2002,
month = {May},
}

@Inproceedings{LPCT:05,
        author={V. J. S. Leite and P. L. D. Peres and E. B. Castelan and S. Tarbouriech},
        title={On the robust stability of neutral systems with time-varying delays},
        booktitle=ifac05,
        OPTvolume={},
        address={Prague, Czech Republic},
        OPTpages={ },
 	note = "in CD-rom",
        year={2005},
    month={July}
}

@Inproceedings{MLTP:05,
        author={V. F. Montagner and V. J. S. Leite and S. Tarbouriech and P. L. D. Peres},
        title={Stability and stabilizability of discrete-time switched linear systems
	with state delay},
        booktitle=acc05,
        volume={6},
        address={Portland, OR, USA},
        pages={3806--3811},
        year={2005},
    month={June}
}

@Inproceedings{LTP:04b,
        author={V. J. S. Leite and S. Tarbouriech and P. L. D. Peres},
        title={Controle robusto {${\mathcal{H}}_{\infty}$} de sistemas discretos 
com atraso nos estados: {C}ondi\c{c}\~{o}es {LMI} independentes do atraso},
        booktitle=cba04,
        volume={},
        address={Gramado, RS},
        pages={},
        year={2004},
    month={September}
}

@book{Hal:77,
   author = "J. Hale",
   publisher = "Springer-Verlag",
   title = "Theory of Functional Differential Equations",
   year = "1977",
   address = "New York" 
}

@article{PCELD:05,
   author = {R. M. Palhares and C. D. Campos and P. {Ya.} Ekel and M.
C. R. Leles and M. F. S. V. {D'A}ngelo},
   title = {Delay-dependent robust {$\mathcal{H}_\infty$} control ofuncertain linear systems with lumped delays},
   journal =ieepcta,
   volume = 152,
   number = 1,
   month = "January",
   pages = {27--33},
   year = "2005"
}

@INPROCEEDINGS(CQT:03,
 author =  "E. B. Castelan and I. Queinnec and S. Tarbouriech",
 title = "Delay-independent robust stability conditions of 
          neutral linear time-delay systems",
 booktitle = wltds03,
 year ="2003",
 month = "September",
 OPTpages = { },
 note = "in CD-rom",
 address = {Rocquencourt, France},
)

@INPROCEEDINGS(TGdSQG:03,
 author =  "S. Tarbouriech and J. M. {Gomes da Silva Jr.}  and I. Queinnec and G. Garcia",
 title = "Improving the stability region of saturated linear 
          systems controlled by dynamic delayed output feedback through
           anti-windup strategy",
 booktitle = wltds03,
 year ="2003",
 month = "September",
 OPTpages = { },
 note = "in CD-rom",
 address = {Rocquencourt, France},
)

@INPROCEEDINGS(GdSFSR:05,
 author = {J. M. {Gomes da Silva Jr.}  and E. Fridman and
      A. Seuret and J. P. Richard},
 title = {tabilization of neutral systems with saturating inputs},
 booktitle = ifac05,
 year = {2005},
 address = {Prague, Czech Republic},
 month = {July},
 note = "in CD-rom",
)

@article{GN:03,
       author={K. Gu and S. Niculescu},
       title={Survey on Recent Results in the stability and control of time-delay systems},
       journal= jdsasme,
       volume={125},
       year={2003},
       pages={125-165}
}

@BOOK{Els:66,
  author =       {L. E. {El'sgol'ts}},
  title =        {Introduction to the theory of differential equations with deviating arguments},
  publisher =    {Holden--Day, Inc.},
  year =         {1966},
  address =      {San Francisco, USA}
}

%
% Acrescentar no estab.bib
%
@ARTICLE{VK:77,
  AUTHOR =       {A. Vieira and T. Kailath},
  TITLE =        {On another approach to the {S}chur-{C}ohn Criterion},
  JOURNAL =      ieeetcs,
  YEAR =         {1977},
  volume =       {CAS-24},
  pages =        {218-220},
  month =        {April}
}

@BOOK{KM:98,
 author =       {V. Kolmanovskii and A. Myshkis},
 title =        {Introduction to the Theory and Applications of
Functional Differential Equations},
 publisher =    {Kluwer Academic Publishers},
 year =         {1998},
 address =      {Dordrecht}
}

@BOOK{KM:92,
 author =       {V. Kolmanovskii and A. Myshkis},
 title =        {Applied Theory of Functional Differential Equations},
 publisher =    {Kluwer Academic Publishers},
 year =         {1992},
 address =      {Dordrecht}
}

@MastersThesis{Val:06,
  author =       "G. Valm\'{o}rbida",
  title =        {Estabilidade de Sistemas com Atraso: An�lise de Incertezas e 
de Satura��o Empregando Desigualdades Matriciais Lineares},
  school =       "Universidade Estadual de Campinas",
  year =         "2006",
  address =      {Campinas, SP, Brazil},
  OPTcrossref =  "",
  OPTkey =       "",
  month =        "Mar�o",
  OPTtype =      "",
  OPTnote =         "",
  OPTannote =    ""
}

@BOOK{SDB:05,
  AUTHOR =       {G. J. Silva and A. Datta and S. P. Bhattacharyya},
  TITLE =        {{PID} Controllers for Time Delay Systems},
  PUBLISHER =    {Birkh{\"{a}}user},
  YEAR =         {2005},
  address =      {Boston}
}


@BOOK(Zho:06,
 author = "Q. C. Zhong",
 title = "Robust Control of Time-delay Systems",
 publisher = "Springer-Verlag",
 year = "2006",
 address = "London"
)

@BOOK{NG:04,
  editor =       {S.-I. Niculescu and K. Gu},
  TITLE =        {Advances in Time-Delay Systems},
  PUBLISHER =    {Springer},
  YEAR =         {2004},
  volume =       {38},
  series =       {Lecture Notes in Computational Science and Engineering},
  address =      {London}
}

@BOOK(WLT:98,
 author = "Q.-G. Wang and T. H. Lee and K. K. Tan",
 title = "Finite-Spectrum Assignment for Time-Delay Systems",
 publisher = "Springer-Verlag",
 year = "1998",
 volume = "239",
 series = "Lecture Notes in Control and Information Sciences",
 address = "London"
)


@ARTICLE{LMWT:06,
  AUTHOR =       {X. G. Liu and R. R. Martin and M. Wu and M. L. Tang},
  TITLE =        {Delay-dependent robust stabilisation of discrete-time systems with time-varying delay},
  JOURNAL =      ieepcta,
  YEAR =         {2006},
  volume =       {153},
  number =       {6},
  pages =        {689--702},
  month =        {November}
}


@ARTICLE{GLWW:04,
  AUTHOR =       {H. Gao and J. Lam and C. Wang and Y. Wang},
  TITLE =        {Delay-dependent robust output feedback stabilisation of discrete-time systems with time-varying state delay},
  JOURNAL =      ieepcta,
  YEAR =         {2004},
  volume =       {151},
  number =       {6},
  pages =        {691--698},
  month =        {November}
}


@ARTICLE{FS:05a,
  AUTHOR =       {E. Fridman and U. Shaked},
  TITLE =        {Stability and guaranteed cost control of uncertain discrete delay system},
  JOURNAL =      ijc,
  YEAR =         {2005},
  volume =       {78},
  number =       {4},
  pages =        {235--246},
  month =        {March}
}


@ARTICLE{FS:01,
  AUTHOR =       {E. Fridman and U. Shaked},
  TITLE =        {A new {${\mathcal{H}}_\infty$} filter design for linear time delay systems},
  JOURNAL =      ieeetsp,
  YEAR =         {2001},
  volume =       {49},
  number =       {11},
  pages =        {2839--2843},
  month =        {November}
}



result7 	A new H? filter design for linear time delay systems 	Fridman, E., Shaked, U. 	2001 	IEEE Transactions on Signal Processing 49 (11), pp. 2839-2843 



@ARTICLE{FS:05b,
  AUTHOR =       {E. Fridman and U. Shaked},
  TITLE =        {Delay dependent {${\mathcal{H}}_\infty$} control of uncertain discrete delay system},
  JOURNAL =      ejc,
  YEAR =         {2005},
  volume =       {11},
  number =       {1},
  pages =        {29--37}
}

@ARTICLE{GLWX:04,
  AUTHOR =       {H. Gao and J. Lam and C. Wang and S. Xu},
  TITLE =        {{${\mathcal{H}}_\infty$} model reduction for discrete time-delay systems: delay-independent and dependent approaches},
  JOURNAL =      ijc,
  YEAR =         {2004},
  volume =       {77},
  number =       {4},
  pages =        {321-335},
  month =        {March}
}

@ARTICLE{GLWL:04,
  AUTHOR =       {H. Gao and J. Lam and C. Wang and Q. Wang},
  TITLE =        {Hankel norm approximation of linear systems with time-varying delay: continuous and discrete cases},
  JOURNAL =      ijc,
  YEAR =         {2004},
  volume =       {77},
  number =       {17},
  pages =        {1503--1520}
}

@ARTICLE{CGL:03,
  AUTHOR =       {W.-H.  Chen and Z.-H. Guan and X. Lu},
  TITLE =        {Delay-dependent guaranteed cost control for uncertain discrete-time systems with delay},
  JOURNAL =      ieepcta,
  YEAR =         {2003},
  volume =       {150},
  number =       {4},
  pages =        {412--416}
}

@ARTICLE{VLP:07,
	 author =	 "G. Valm\'{o}bida and V. J. S. Leite and P. L. D. Peres",
	 title = 	"Condi\c{c}\~{o}es {LMI} do teorema do ganho pequeno escalonado para an\'{a}lise de estabilidade de sistemas incertos com atraso",
	 journal = 	 sba,
	 year = 	 "2007",
	 month = 	 "Outubro/Novembro/Dezembro",
	 volume = 	 "18",
	 number = 	 "4",
	 pages = 	 "447--458",
}


@Article{LTP:09,
    author = {V. J. S. Leite and S. Tarbouriech  and P. L. D. Peres},
    title = {Robust {${\mathcal{H}}_\infty$} state feedback control of discrete-time systems with state delay: an {LMI} approach},
    journal = imajmci,
    year = {2009},
    volume = {26},
    number = {3},
    pages = {357--373},
    month = {September},
}

@ARTICLE{GMC:09,
 AUTHOR =       {H. Gao and X. Meng and T. Chen},
 TITLE =        {{$\mathcal{H}_{\infty}$} filter design for discrete delay systems: a new parameter-dependent approach},
 JOURNAL =     ijc,
 YEAR =         {2009},
 volume =       {82},
 number =       {6},
 pages =        {993--1005},
 month =        {June},
}

@Inproceedings{ZY:08,
        author={X. L. Zhu and G. H. Yang},
        title={Jensen inequality approach to stability analysis of discrete-time systems with time-varying delay},
        booktitle=acc08,
        year={2008},
        month={June},
        volume={},
        number={},
        address={Seattle, WA, USA},
        pages={1644--1649},
}


@ARTICLE{PPL:09,
  author =       {M. M. Peet and A. Papachristodoulou and S. Lall},
  title =        {Positive forms and stability of linear time-delay systems},
  journal =      siamjco,
  year =         {2009},
  volume =       {47},
  number =      {6},
  month=   {January}, 
  pages =        {3237--3258},
}

@ARTICLE{CdS:08,
  author =       {D. F. Coutinho and C. E. de{ }Souza},
  title =        {Delay-dependent robust stability and  {${\mathcal{L}}_{2}$}-gain analysis of a class of nonlinear time-delay systems},
  journal =      aut,
  year =         {2008},
  volume =       {44},
  number =      {8},
  month=   {August}, 
  pages =        {2006--2018},
}

@Inproceedings{MLC:10,
        author={M. F. Miranda and V. J. S. Leite and A. F. Caldeira},
        title={Robust stabilization of polytopic discrete-time systems with time-varying delay in the states},
        booktitle=cdc49,
        year={2010},
        month={December},
        address={Atlanta, GA, USA},
        pages={152--157}
}


@ARTICLE{ZXSM:11,
author={J. Zhang and Y. Xia and P. Shi and M. S. Mahmoud},
title={New results on stability and stabilisation of systems with interval time-varying delay},
journal = ietcta,
volume = {5},
number = {3},
year = "2011",
month={February},
pages = {429--436}
}


@ARTICLE{XM:11,
author={Y. Xia  and M. S. Mahmoud},
title={Switched state feedback for uncertain continuous-time systems with interval delays},
journal = ijrnlc,
volume = {21},
number = {9},
year = "2011",
month={June},
pages = {1046--1056}
}

@ARTICLE{MG:11,
 author = {J. Mohammadpour and K. Grigoriadis},
 title = {Stability and performance analysis of time-delay {LPV} systems with brief instability},
 journal = ijrnlc,
 year = "2011",
 volume = "21",
 number = "8",
 pages = "863--882",
 month = "May"
}

@ARTICLE(Kim:11a,
   author =       "J. H. Kim ",
   title =        {Reduced-order delay-dependent {${\mathcal{H}}_\infty$} filtering for uncertain discrete-time singular systems with time-varying delay},
   journal =      aut,
   year =         "2011",
   volume =       "47",
   number =       "12",
   month=   "December", 
   pages =        "2801--2804",
)

@ARTICLE(Mah:09,
   author =       "M. S. Mahmoud",
   title =        {Switched discrete-time systems with time-varying delays: {A} generalized
 {${\mathcal{H}}_2$} approach},
   journal =      cmwa,
   year =         "2009",
   volume =       "57",
   number =       "1",
   month=   "January", 
   pages =        "79--95",
)

@ARTICLE(QFY:09,
   author =       "J. Qiu and G. Feng and J. Yang",
   title =        {A new design of delay-dependent robust {${\mathcal{H}}_\infty$} filtering for discrete-time {T--S} fuzzy systems with time-varying delay},
   journal =      ieeetac,
   year =         "2009",
   volume =       "17",
   number =       "5",
   month=   "October", 
   pages =        "1044--1058",
)


@ARTICLE{HF:10,
author={H. Huang and G. Feng},
title={Improved approach to delay-dependent stability analysis of discrete-time systems with time-varying delay},
journal = ietcta,
volume = {4},
number = {10},
year = "2010",
month={October},
pages = {2152--2159}
}


@ARTICLE{WZ:07,
author={Z. Wu and W. Zhou},
title={Delay-dependent robust {${\mathcal{H}}_\infty$} control for uncertain singular time-delay systems},
journal = ietcta,
volume = {1},
number = {5},
year = "2007",
month={September},
pages = {1234--1241}
}


@ARTICLE{GM:13,
  author = {D. L. Gaudette and D. E. Miller},
  title = {Stabilizing a first order system with an arbitrarily large time varying
	delay and an uncertain gain},
  journal = scl,
  year = {2013},
  volume = {62},
  pages = {915--923},
  number = {10},
  month = {October},
}


@article{MPKL:01,
        author = {Y. S. Moon and P. Park and W. H. Kwon and Y. S. Lee},
        title = {Delay-dependent robust stabilization of uncertain
state-delayed systems},
        journal = ijc,
        volume ={74},
        number ={14},
        pages = {1447--1455},
	year = "2001"
}



@ARTICLE(YH:04,
 author = {D. Yue and Q.-L. Han},
 title = {A Delay-dependent stability criterion of neutral systems and its application

 to a partial element equivalent circuit model},
 journal =  ieeetcsII,
 year = "2004",
 volume = {51},
 number={12},
 pages = {685--689},
 month = {December}
)


@ARTICLE(CRZ:00,
 author = {J. Cullum and A. Ruehli and T. Zhang},
 title = {A method for reduced-order modeling and simulation of large interconnect
 circuits and its application to {PEED} models with retardation},
 journal =  ieeetcsII,
 year = "2000",
 volume = {47},
 number={4},
 pages = {261--273},
 month = {April}
)

@ARTICLE(Chen:04b,
 author = {J.-D. Chen},
 title = {Robust control for uncertain neutral systems with time-delays in state and control
 input via {LMI} and {GA}s},
 journal =  amc,
 year = "2004",
 volume = {157},
 number={2},
 pages = {535--548},
 month = {September}
)


@ARTICLE(Chen:04a,
 author = {J.-D. Chen},
 title = {New stability criteria for a class of neutral systems with discrete and
 distributed time-delays: an {LMI} approach},
 journal = amc,
 year = 2003,
volume = {150},
pages = {719--736},
number = {3},
month ={March}
)

@ARTICLE(Fu:04,
 author = {X. Fu},
 title = {Controllability of abstract neutral functional differential systems with
 unbounded delay},
 journal =  amc,
 year = "2004",
 volume = {151},
 number={2},
 pages = {299--314},
 month = {April}
)



@ARTICLE(PKW:04,
 author = {J. H. Park and O. Kwon and S. Won},
 title = {{LMI} approach to robust {${\mathcal{H}}_\infty$}
 filtering for neutral delay differential systems},
 journal = amc,
 volume = {150},
 number={1},
 pages = {235--244},
 year = {2004},
 month = {February}
)

@ARTICLE(CH:04,
 author = {D. Q. Cao and P. He},
 title = {Stability  criteria of linear neutral systems with a single delay},
 journal =  amc,
 year = "2004",
 volume = {148},
 number={1},
 pages = {135--143},
 month = {January}
)

@ARTICLE(Par:01,
 author = {J.-H. Park},
 title = {A new delay-dependent criterion for neutral systems with multiple delays},
 journal =  jcam,
 year = "2001",
 volume = {136},
 number={1-2},
 month={November},
 pages = {177--184}
)

@ARTICLE(Park:03,
 author = {J. H. Park},
 title = {Simple criterion fot asymptotic stability of interval
 neutral delay-differential systems},
 journal =  aml,
 year = "2003",
 volume = {16},
 number={7},
 month={October},
 pages = {1063--1068}
)

@ARTICLE(PW:00,
 author = {J. H. Park and S. Won},
 title = {Stability analysis for
 neutral delay-differential systems},
 journal =  jfi,
 year = "2000",
 volume = {337},
 number={1},
 month={January},
 pages = {1--9}
)

@ARTICLE(Han:04,
 author = {Q.-L. Han},
 title = {A descriptor system approach to robust stability of
 uncertain neutral system with discrete and distributed delays},
 journal =  aut,
 year = "2004",
 volume = {40},
 number={10},
 month={October},
 pages = {1791--1796}
)

@ARTICLE(INDDV:03,
 author = {D. Iv{\v{a}}nescu and S.-I. Niculescu and L. Dugard and J.-M. Dion and E. I. Verriest},
 title = {On delay-dependent stability for linear neutral systems},
 journal =  aut,
 year = "2003",
 volume = {39},
 number={2},
 month={February},
 pages = {255--261}
)


@ARTICLE(Han:02,
 author = {Q.-L. Han},
 title = {Robust stability of uncertain delay-differential systems of neutral type},
 journal =  aut,
 year = "2002",
 volume = {38},
 number={4},
 month={April},
 pages = {719--723}
)

@ARTICLE(FS:02b,
 author = {E. Fridman and U. Shaked},
 title = {{${\mathcal{H}}_\infty$}-control of linear state-delay descriptor systems: an {LMI} approach},
 journal = laa,
 year = "2002",
 volume = {351-352},
 month={August},
 pages = {271--302}
)

@ARTICLE(Fri:01,
 author = {E. Fridman},
 title = {New {L}yapunov-{K}rasovskii functionals for stability of linear retarded
 and neutral type systems},
 journal = scl,
 year = "2001",
 volume = {43},
 number = {4},
 month={July},
 pages = {309--319}
)

@ARTICLE(RB:04,
 author = {J. R. Partington and C. Bonnet},
 title = {{${\mathcal{H}}_\infty$} and {BIBO} stablization of delay systems of neutral type},
 journal = scl,
 year = "2004",
 volume = {52},
 number = {3-4},
 month={July},
 pages = {283--288}
)


@ARTICLE(Bli:02a,
 author = {P.-A. Bliman},
 title = {Lyapunov equation for the stability of linear delay systems of retarded and neutral type},
 journal =  ieeetac,
 year = "2002",
 volume = {47},
 number = {2},
 month = {February},
 pages = {327--335}
)

@ARTICLE(FSX:03,
 author = {E. Fridman and U. Shaked and L. Xie},
 title = {Robust {${\mathcal{H}}_\infty$} filtering of linear systems with time-varying delay},
 journal =  ieeetac,
 year = "2003",
 volume = {48},
 number = {1},
 month = {January},
 pages = {159--165}
)

@ARTICLE(BGR:99,
 author = {A. Bellen and N. Guglielmi and A. E. Ruehli},
 title = {Methods for linear systems of circuit delay differential equations of neutral type},
 journal =  ieeetcsI,
 year = "1999",
 volume = {46},
 number = {1},
 month = {January},
 pages = {212--216}
)

@ARTICLE(XLY:01b,
 author = {S. Xu and J. Lam and C. Yang},
 title = {${\mathcal{H}}_\infty$ and positive-real control for linear neutral delay systems},
 journal =  ieeetac,
 year = "2001",
 volume = {46},
 number = {8},
 month = {August},
 pages = {1321--1326}
)


@ARTICLE(XLYV:03,
 author = {S. Xu and J. Lam and C. Yang and E. I. Verriest},
 title = {An {LMI} approach to guaranteed cost control for uncertain linear neutral delay systems},
 journal =  ijrnlc,
 year = "2003",
 volume = {13},
 number = {1},
 month = {January},
 pages = {35--53}
)

@ARTICLE(CLFC:00,
 author = {J. D. Chen and C. H. Lien and K. K. Fan and J. S. Cheng},
 title = {Delay-dependent stability criterion for neutral time-delay systems},
 journal =  el,
 year = "2000",
 volume = {36},
 number = {22},
 month = {October},
 pages = {1897--1898}
)

@ARTICLE(Lie:99,
 author = {C.-H. Lien},
 title = {Asymptotic criterion for neutral systems with multiple time delays},
 journal =  el,
 year = "1999",
 volume = {35},
 number = {10},
 month = {May},
 pages = {850--852}
)

@ARTICLE(Nic:01,
 author = {S.-I. Niculescu},
 title = {On delay-dependent stability under model transformations of some neutral linear systems},
 journal = ijc,
 year = "2001",
 volume = {74},
 number = {6},
 pages = {609--617}
)


@INPROCEEDINGS(Ver:99,
 author = {E. I. Verriest},
 title = {Robust stability and adaptive control of time-varying neutral systems},
 booktitle =  cdc38 ,
 year = {1999},
 pages = {4690--4695},
 address = {Phoenix, AZ},
 month = {December}
)

@INPROCEEDINGS(BRT:03,
 author = {Y. Bin and Z. Ruijun and L. Tao},
 title = {Delay-dependent stability criterion for a class of neutral time-delay systems},
 booktitle =  acc03 ,
 year = {2003},
 pages = {2694--2696},
 address = {Denver, CO},
 month = {June}
)

@INPROCEEDINGS(XDSF:03,
 author = {L. Xie and C. Du and U. Shaked and E. Fridman},
 title = {An improved robust {${\mathcal{H}}_2$} filtering for linear time-delay systems},
 booktitle =  acc03 ,
 year = {2003},
 pages = {1890--1895},
 address = {Denver, CO},
 month = {June}
)

@ARTICLE(GN:01,
 author = {K. Gu and S.-I. Niculescu},
 title = {Further remarks on additional dynamics in various model
transformations of linear delay systems},
 journal =  ieeetac,
 year = "2001",
 volume = {46},
 number = {3},
 month = {March},
 pages = {497--500}
)
@ARTICLE{LPCT:07,
	 author =	 "V. J. S. Leite and P. L. D. Peres and E. B. Castelan and S. Tarbouriech",
	 title = 	"Estabilidade robusta de sistemas neutrais com atrasos variantes no tempo",
	 journal = 	 sba,
	 year = 	 "2007",
	 month = 	 "Outubro/Novembro/Dezembro",
	 volume = 	 "18",
	 number = 	 "4",
	 pages = 	 "434--446",
}

@ARTICLE{Fri:10,
  author = {E. Fridman},
  title = {A refined input delay approach to sampled-data control},
  journal = aut,
  year = {2010},
  volume = {46},
  pages = {421--427},
  number = {2},
  month = {February}, 
}