%
% As macros para os nomes de jornais e congressos estao
% no arquivo listacompleta.bib. Novos nomes devem ser
% incluidos la. Pedro, 10.11.2003
%


@Book{AF:66,
  author = 	 "M. Athans and P. L. Falb",
  title = 	 "{{Optimal Control}}",
  publisher = 	 "McGraw Hill Inc.",
  year = 	 "1966",
  OPTcrossref =  "",
  OPTkey = 	 "",
  Opteditor = 	 "",
  OPTvolume = 	 "",
  OPTnumber = 	 "",
  OPTseries = 	 "",
  address = 	 "New York, USA",
  OPTedition = 	 "",
  OPTmonth = 	 "",
  OPTnote = 	 "",
  OPTannote = 	 ""
}

@ARTICLE(Bar:83,
 author = "B. R. Barmish",
 title = {Stabilization of uncertain systems via linear control},
 journal = ieeetac,
 year = "1983",
 volume = "28",
 number = "8",
 pages = "848--850",
 month = "August",
 OPTnote = "",
 OPTannote = ""
)


@article{Bar:85,
	author={B. R. Barmish},
	title={Necessary and sufficient conditions for
quadratic stabilizability of an uncertain system},
	journal= jota,
	year={1985},
	volume={46},
	number={4},
	pages={399--408},
	month={August},
}

@article{BGP:88,
	author={J. Bernussou and J. C. Geromel and P. L. D. Peres},
	title={Stabilisabili{t\'{e}} de sys{t\`{e}}mes li{n\'{e}}aires: Tests par programmation li{n\'{e}}aire},
	journal={Comptes Rendus de l'Acad\'{e}mie des Sciences CRAS - Paris},
	year={1988},
	volume={307},
	pages={683--688},
}

@Article{BBBKLMN:88,
  author = 	 "S. P. Boyd and  V. Balakrishnam and C. H. Barratt and  
N. M. Khraishi and  X. Li and  D. G. Meyer and S. Norman",
  title = 	 {A new {CAD} method and associated architectures for linear controllers},
  journal = 	 ieeetac,
  year = 	 "1988",
  volume = 	 "33",
  number = 	 "3",
  pages = 	 "268--283",
  month = 	 "March",
  OPTnote = 	 "",
  OPTannote = 	 ""
}

@ARTICLE(BY:89,
 author = "S. Boyd and Q. Yang",
 title = "Structured and simultaneous {L}yapunov functions for system stability problems",
 journal =  ijc ,
 year = "1989",
 volume = "49",
 number = "6",
 pages = "2215--2240",
 month = "June"
)

@Article{CP:72,
  author = 	 "S. S. L. Chang and T. K. C. Peng",
  title = 	 {Adaptive guaranteed cost control of systems with uncertain parameters},
  journal = 	 ieeetac,
  year = 	 "1972",
  volume = 	 "17",
  number = 	 "4",
  pages = 	 "474--483",
  OPTmonth = 	 "",
  OPTnote = 	 "",
  OPTannote = 	 ""
}

@Article{Pet:95,
  author = 	 "I. R. Petersen",
  title = 	 {Guaranteed cost {LQG} control of uncertain linear-systems},
  journal = 	 ieepcta,
  year = 	 "1995",
  volume = 	 "142",
  number = 	 "2",
  pages = 	 "95--102",
  month = 	 "March",
  OPTnote = 	 "",
  OPTannote = 	 ""
}

@Article{MP:96b,
  author = 	 "S. O. R. Moheimani and I. R. Petersen",
  title = 	 {Optimal guaranteed cost control of uncertain systems 
via static and dynamic output feedback},
  journal = 	 aut,
  year = 	 "1996",
  volume = 	 "32",
  number = 	 "4",
  pages = 	 "575--579",
  month = 	 "April",
  OPTnote = 	 "",
  OPTannote = 	 ""
}
@Article{MP:96a,
  author = 	 "S. O. R. Moheimani and I. R. Petersen",
  title = 	 {Quadratic guaranteed cost control 
with robust pole placement in a disk},
  journal = 	 ieepcta,
  year = 	 "1996",
  volume = 	 "143",
  number = 	 "1",
  pages = 	 "37--43",
  month = 	 "January",
  OPTnote = 	 "",
  OPTannote = 	 ""
}


@Inproceedings{GPB:88,
	author={J. C. Geromel and P. L. D. Peres and J. Bernussou},
	title={Stabilizability of uncertain linear systems via linear programming},
	booktitle={Proceedings of the 27th IEEE Conference on Decision and Control},
	volume={3},
	address={Austin, USA},
	pages={1771--1775},
	year={1988}
}

@Inproceedings{GPB:90,
	author={J. C. Geromel and P. L. D. Peres and J. Bernussou},
	title={Stabilizability of uncertain dynamical systems: the continuous
and discrete case},
	booktitle={Proceedings of the 11st IFAC World Congress on Automatic Control},
	volume={1},
	address={Tallinn, USSR},
	pages={135--140},
	year={1990}
}


@Article{GA:93,
  author = 	 "Z. Gao and P. J. Antsaklis",
  title = 	 {Explicit asymmetric bounds for robust stability of continuous and discrete-time systems},
  journal = 	 ieeetac,
  year = 	 "1993",
  volume = 	 "38",
  number = 	 "2",
  pages = 	 "332--335",
  month = 	 "February",
  OPTnote = 	 "",
  OPTannote = 	 ""
}




@Article{KF:90,
  author = 	 "S. R. Kolla and J. B. Farison",
  title = 	 {Improved stability robustness bounds using state transformation for linear discrete systems},
  journal = 	 aut,
  year = 	 "1990",
  volume = 	 "26",
  number = 	 "5",
  pages = 	 "933--935",
}



@Book{KS:72,
  author = 	 "H. Kwakernaak  and  R. Sivan",
  title = 	 "{Linear Optimal Control Systems}",
  publisher = 	 "John Wiley \& Sons, Inc.",
  year = 	 "1972",
  OPTcrossref =  "",
  OPTkey = 	 "",
  Opteditor = 	 "",
  OPTvolume = 	 "",
  OPTnumber = 	 "",
  OPTseries = 	 "",
  OPTaddress = 	 "",
  OPTedition = 	 "",
  OPTmonth = 	 "",
  OPTnote = 	 "",
  OPTannote = 	 ""
}

@Article{KBH:88,
  author = 	 "L. Keel and S. P. Bhattacharyya and J. W. Howze",
  title = 	 {Robust control with structured perturbations},
  journal = 	 ieeetac,
  year = 	 "1988",
  volume = 	 "33",
  number = 	 "1",
  pages = 	 "68--78",
  OPTmonth = 	 "",
  OPTnote = 	 "",
  OPTannote = 	 ""
}

@Book{Lue:84,
  author = 	 "D. G. Luenberger",
  title = 	 "{Linear and Nonlinear Programming}",
  publisher = 	 "Addison-Wesley",
  year = 	 "1984",
  OPTcrossref =  "",
  OPTkey = 	 "",
  Opteditor = 	 "",
  OPTvolume = 	 "",
  OPTnumber = 	 "",
  OPTseries = 	 "",
  OPTaddress = 	 "",
  OPTedition = 	 "",
  OPTmonth = 	 "",
  OPTnote = 	 "",
  OPTannote = 	 ""
}

@article{LJB:95,
	author={J. S. Luo and A. Johnson and P. P. J. {Van Den Bosch}},
	title={{L}yapunov stability robust analysis and robustness design for linear continuous-time systems},
	journal=ijc,
	year={1995},
	volume={61},
	number={6},
	pages={1233--1251},
}


@Inproceedings{PGA:91,
	author={P. L. D. Peres and J. C. Geromel and A. M. K. Almugla},
	title={Quadratic stabilizability of linear uncertain systems 
	by linear output feedback},
	booktitle={Proceedings of the 1991 European Control Conference},
	OPTvolume={},
	address={Grenoble, France},
	pages={2262--2265},
	year={1991}
}


@article{PG:94,
	author={P. L. D. Peres and J. C. Geromel},
	title={An alternate numerical solution to the linear quadratic problem},
	journal=ieeetac,
	year={1994},
	volume={39},
	number={1},
	pages={198--202},
	month={January}
}


@PhdThesis{Per:89,
  author = 	 "P. L. D. Peres",
  title = 	 {Sur la robustesse des
sys{t\`{e}}mes li{n\'{e}}aire : Approche par programmation li{n\'{e}}aire},
  school = 	 "Universit\'{e} Paul Sabatier --- LAAS/CNRS",
  year = 	 "1989",
  address = 	 "Toulouse, France",
  OPTcrossref =  "",
  OPTkey = 	 "",
  OPTmonth = 	 "",
  OPTtype = 	 "",
  OPTnote = 	 "",
  OPTannote = 	 ""
}

@Inproceedings{PSG:92a,
	author={P. L. D. Peres and S. R. Souza and J. C. Geromel},
	title={Optimal {${\mathcal{H}}_{2}$} control for uncertain linear systems},
	booktitle= acc02,
	volume={4},
	address={Chicago, IL, USA},
	pages={2916--2920},
	year={1992}
}



@article{Pet:87b,
	author={I. R. Petersen},
	title={A procedure for simultaneously
stabilizing a collection of single input linear systems using non-linear
state feedback control},
	journal=aut,
	year={1987},
	volume={23},
	number={1},
	pages={33--40},
}

@Book{Bel:70,
  author = 	 "R. Bellman",
  title = 	 "{Introduction to Matrix Analysis}",
  publisher = 	 "McGraw-Hill",
  year = 	 "1970",
  OPTcrossref =  "",
  OPTkey = 	 "",
  Opteditor = 	 "",
  OPTvolume = 	 "",
  OPTnumber = 	 "",
  OPTseries = 	 "",
  address = 	 "New York",
  edition = 	 "second edition",
  OPTmonth = 	 "",
  OPTnote = 	 "",
  OPTannote = 	 ""
}

@Book{Roc:70,
  author = 	 "R. T. Rockafellar",
  title = 	 "{Convex Analysis}",
  publisher = 	 "Princeton University Press",
  year = 	 "1970",
  OPTcrossref =  "",
  OPTkey = 	 "",
  Opteditor = 	 "",
  OPTvolume = 	 "",
  OPTnumber = 	 "",
  OPTseries = 	 "",
  OPTaddress = 	 "",
  OPTedition = 	 "",
  OPTmonth = 	 "",
  OPTnote = 	 "",
  OPTannote = 	 ""
}

@article{Sch:88,
	author={W. E. Schmitendorf},
	title={Designing stabilizing controllers
for uncertain systems using {R}iccati equation approach},
	journal=ieeetac,
	year={1988},
	volume={33},
	number={4},
	pages={376--378},
}

@article{NT:73,
	author={K. S. Narendra and S. S. Tripathi},
	title={Identification and optimization of aircraft dynamics},
	journal={Journal of Aircraft},
	year={1973},
	volume={10},
	OPTnumber={ },
	OPTpages={ },
}

@Book{Ske:88,
  author = 	 "R. E. Skelton",
  title = 	 "{Dynamic Systems Control}",
  publisher = 	 "{John Wiley \& Sons, Inc.}",
  year = 	 "1988",
  address = 	 "New York, USA",
  OPTcrossref =  "",
  OPTkey = 	 "",
  Opteditor = 	 "",
  OPTvolume = 	 "",
  OPTnumber = 	 "",
  OPTseries = 	 "",  
  OPTedition = 	 "",
  OPTmonth = 	 "",
  OPTnote = 	 "",
  OPTannote = 	 ""
}

@Inproceedings{VMP:89,
	author={R. J. Veillette and J. V. Medanic and W. R. Perkins},
	title={Robust stabilization and disturbance rejection for systems with structured uncertainty},
	booktitle=cdc28,
	OPTvolume={},
	address={Tampa, FL, USA},
	pages={936--941},
	year={1989}
}

@article{ZK:88a,
	author={K. Zhou and P. P. Khargonekar},
	title={Robust stabilization of linear systems with norm bounded time varying 
uncertainty},
	journal=scl,
	year={1988},
	volume={10},
	month={January},
	pages={17--20},
}

