%
% As macros para os nomes de jornais e congressos estao
% no arquivo listacompleta.bib. Novos nomes devem ser
% incluidos la. Pedro, 10.11.2003
%

@BOOK(AM:79,
 author = {B. D. O. Anderson and J. B. Moore},
 title = {Optimal Filtering},
 publisher = {Prentice-Hall},
 year = {1979},
 address = {Englewood, NJ}
)

@BOOK(Rei:83,
 author = {J. O'Reilly},
 title = {Observers for Linear Systems},
 publisher = {Academic Press},
 year = {1983},
 address = {London}
)

@ARTICLE{Kai:74,
 author = {T. Kailath},
 title = {A view of three decades of linear filtering theory},
 journal = ieeetit, 
 volume = {20},
 number = {2},
 year = "1974",
 month={March},
 pages = {146--181}
}

@ARTICLE{MM:83,
 author = {C. J. Martin and M. Mintz},
 title = {Robust filtering and prediction for linear systems with uncertain dynamics: a game-theoretic approach},
 journal = ieeetac,
 volume = {28},
 number = {9},
 year = "1983",
 month={September},
 pages = {888--896}
}

@ARTICLE{LM:90,
 author = {J. Levine and R. Marino},
 title = {On fault-tolerant observers},
 journal = ieeetac,
 volume = {35},
 number = {5},
 year = "1990",
 month={May},
 pages = {623--627}
}


@ARTICLE{LWY:03,
 author = {J. Liu and J. L. Wang and G. H. Yang},
 title = {Reliable guaranteed variance filtering against sensor failures},
 journal = ieeetsp,
 volume = {51},
 number = {5},
 year = "2003",
 month={May},
 pages = {1403--1411}
}

@ARTICLE{WB:03,
 author = {F. Wang and V. Balakrishnan},
 title = {Robust steady-state filtering for systems with deterministic and stochastic uncertainties},
 journal = ieeetsp,
 volume = {51},
 number = {10},
 year = "2003",
 month={October},
 pages = {2550--2558}
 }

 @ARTICLE{SA:90,
 author = {J. S. Shamma and M. Athans},
 title = {Analysis of gain scheduled control for nonlinear plants},
 journal = ieeetac,
 volume = {35},
 number = {8},
 year = "1990",
 month={August},
 pages = {898--907}
}

@ARTICLE{HTAH:04,
 author = {N. T. Hoang and H. D. Tuan and P. Apkarian and S. Hosoe},
 title = {Gain-scheduled filtering for time-varying discrete systems},
 journal = ieeetsp,
 volume = {52},
 number = {9},
 year = "2004",
 month={September},
 pages = {2464--2476}
}

@ARTICLE{GLSW:05,
 author = {H. Gao and J. Lam and P. Shi and C. Wang},
 title = {Parameter-dependent filter design with guaranteed {$\mathcal{H}_\infty$} performance},
 journal = ieepcta,
 volume = {152},
 number = {5},
 year = "2005",
 month={September},
 pages = {531--537}
}

@ARTICLE{RW:95,
 author = {M. A. Rotea and D. Williamson},
 title = {Optimal realization of finite wordlength digital filters and controllers},
 journal = ieeetcsI,
 volume = {42},
 number = {2},
 year = "1995",
 month={February},
 pages = {61--72}
}


@ARTICLE(GBGdO:00,
 author = "J. C. Geromel and J. Bernussou and G. Garcia and M. C. de{ }Oliveira",
 title = {{$\mathcal{H}_2$} and {$\mathcal{H}_\infty$} robust filtering for discrete-time linear systems},
 journal =  siamjco,
 year = "2000",
 volume = "38",
 number = "5",
 pages = "1353--1368",
 month = "May"
)

@ARTICLE(GdO:01,
 author = "J. C. Geromel and M. C. de{ }Oliveira",
 title = {{$\mathcal{H}_2$} and {$\mathcal{H}_\infty$} robust filtering for convex bounded uncertain systems},
 journal =  ieeetac,
 year = "2001",
 volume = "46",
 number = "1",
 pages = "100--107",
 month = "January"
)


@INPROCEEDINGS{BDK:01,
 author = {G. I. Bara and J. Daafouz and F. Kratz},
 title = {Advanced gain scheduling techniques for the design of parameter-dependent observers},
 booktitle =  cdc40,
 year = "2001",
 OPTvolume = " ",
 pages = "3892--3897",
 address = "Orlando, FL, USA",
 month = "December"
}

@INPROCEEDINGS{Sat:04,
 author = {M. Sato},
 title = {Filter design for {LPV} systems using biquadratic {L}yapunov functions},
 booktitle =  acc04,
 year = "2004",
 OPTvolume = " ",
 pages = "1368--1373",
 address = "Boston, MA, USA",
 month = "July"
}



@INPROCEEDINGS(dOG:03,
 author = {M. C. de{ }Oliveira and J. C. Geromel},
 title = {{$\mathcal{H}_2$} and {$\mathcal{H}_\infty$} robust nonrational filtering for linear delay systems},
 booktitle = cdc42,
 year = {2003},
 volume = {6},
 pages = {6038--6043},
 address = {Maui, HI, USA},
 month = {December},
)

@INPROCEEDINGS(Gu:00,
 author = {K. Gu},
 title = {An integral inequality in the stability problem of time-delay systems},
 booktitle = cdc39,
 year = {2000},
 volume = {3},
 pages = {2805--2810},
 address = {Sydney, Australia},
 month = {December},
)

@ARTICLE{GLW:05,
 author = {H. Gao and J. Lam and C. Wang},
 title = {Mixed {$\mathcal{H}_2$}/{$\mathcal{H}_\infty$} filtering for continuous-time polytopic systems: A parameter-dependent approach},
 journal =  cssp,
 year = "2005",
 volume = "24",
 number = "6",
 pages = "689--702",
 month = "November-December"
}

@ARTICLE{DZZM:06b,
 author = {Z. S. Duan and J. X. Zhang and C. S. Zhang and E. Mosca},
 title = {Robust {$\mathcal{H}_2$} and {$\mathcal{H}_\infty$} filtering for uncertain linear systems},
 journal =  aut,
 year = "2006",
 volume = "42",
 number = "11",
 pages = "1919--1926",
 month = "November"
}

@ARTICLE{BdST:05,
 author = {K. A. Barbosa and  C. E. de{ }Souza and A. Trofino},
 title = {Robust {$\mathcal{H}_2$} filtering for uncertain linear systems: {LMI} based methods with parametric {L}yapunov functions},
 journal =  scl,
 year = "2005",
 volume = "54",
 number = "3",
 pages = "251--262",
 month = "March"
}

@ARTICLE{Sat:06,
 author = {M. Sato},
 title = {Filter design for {LPV} systems using quadratically parameter-dependent {L}yapunov functions},
 journal =  aut,
 year = "2006",
 volume = "42",
 number = "11",
 pages = "2017--2023",
 month = "November"
}

@ARTICLE{ZYJ:07,
 author = {W. A. Zhang and L. Yu and X. F. Jiang},
 title = {Delay-dependent generalized {$\mathcal{H}_2$} filtering for uncertain systems with multiple time-varying state delays},
 journal =  sp,
 year = "2007",
 volume = "87",
 number = "4",
 pages = "709--724",
 month = "April"
}

@ARTICLE{TAN:01,
 author = {H. D. Tuan and P. Apkarian and T. Q. Nguyen},
 title = {Robust and reduced-order filtering: {N}ew {LMI}-based characterizations and methods},
 journal =  ieeetsp,
 year = "2001",
 volume = "49",
 number = "12",
 pages = "2975--2984",
 month = "December"
}

@ARTICLE{SP:05,
 author = {K. P. Sun and A. Packard},
 title = {Robust {$\mathcal{H}_2$} and {$\mathcal{H}_\infty$} filters for uncertain {LFT} systems},
 journal =  ieeetac,
 year = "2005",
 volume = "50",
 number = "5",
 pages = "715--720",
 month = "May"
}


@ARTICLE{dSBT:07,
 AUTHOR =       {C. E. de{ }Souza and K. A. Barbosa and A. Trofino},
 TITLE =        {Robust filtering for linear systems with convex-bounded uncertain time-varying parameters},
 JOURNAL =      ieeetac,
 YEAR =         {2007},
 volume =       {52},
 number =       {6},
 pages =        {1132--1138},
 month =        {June},
}


@ARTICLE{DJSZ:07,
 AUTHOR =       {D. Du and B. Jiang and P. Shi and S. Zhou},
 TITLE =        {$\mathcal{H}_\infty$ filtering of discrete-time switched systems with state delays via switched {L}yapunov function approach},
 JOURNAL =      ieeetac,
 YEAR =         {2007},
 volume =       {52},
 number =       {8},
 pages =        {1520--1525},
 month =        {August},
} 

@ARTICLE{dOG:05b,
	AUTHOR       = "M. C. de{ }Oliveira and J. C. Geromel",
	TITLE        = "{$\mathcal{H}_2$} and {$\mathcal{H}_{\infty}$} filtering design subject to implementation uncertainty",
	JOURNAL      = siamjco,
	YEAR         = "2005",
	VOLUME       = "44",
	NUMBER       = "2",
	PAGES        = "515--530",
	MONTH        = "",
	NOTE         = ""
}

@ARTICLE{GMC:08,
 AUTHOR =       {H. Gao and X. Meng and T. Chen},
 TITLE =        {A new design of robust {$H_2$} filters for uncertain systems},
 JOURNAL =      scl,
 YEAR =         {2008},
 volume =       {57},
 number =       {7},
 pages =        {585--593},
 month =        {July},
}

@ARTICLE{ZLX:07,
  author = {S. Zhou and J. Lam and A. Xue},
  title = {$\mathcal{H}_\infty$ filtering of discrete-time fuzzy systems via basis-dependent {L}yapunov function approach},
  journal = fss,
  year = {2007},
  volume = {158},
  number = {2},
  month = {January},
  pages = "180--193",
}

@ARTICLE{BMOPB:08,
    author={R. A. Borges and V. F. Montagner and R. C. L. F. Oliveira and P. L. D. Peres and P.-A. Bliman},
    title={Parameter-dependent {${\mathcal{H}}_{2}$} and {${\mathcal{H}}_{\infty}$} filter design for linear systems with arbitrarily time-varying parameters in polytopic domains},
   journal = sp,
	year = {2008},
	volume = {88},
   number = {7},
	month = {July},
	pages = {1801-1816},
}

@ARTICLE{VG:08,
	author = {J. M. Velni and K. M. Grigoriadis},
	title = {Delay-dependent {${\mathcal{H}}_{\infty}$} filtering for time-delayed {LPV} systems},
	journal = scl,
	year = {2008},
	volume = {57},
	number = {4},
	month = {April},
	pages = "290-299",
}


@INPROCEEDINGS(BdST:02,
 author = {K. A. Barbosa and C. E. de{ }Souza  and A. Trofino},
 title = {Robust {$\mathcal{H}_2$} filtering for discrete-time uncertain linear systems using parameter-dependent {L}yapunov functions},
 booktitle = acc02,
 year = {2002},
 pages = {3224--3229},
 address = {Anchorage, AK, USA},
 month = {May},
)

@INPROCEEDINGS{BOAP:08c,
  AUTHOR =       {R. A. Borges and R. C. L. F. Oliveira and C. T. Abdallah and P. L. D. Peres},
  TITLE =        {{$\mathcal{H}_\infty$} filtering of time-varying systems with bounded rates of variation},
  BOOKTITLE =    cdc47,
  YEAR =         {2008},
  address =      {Cancun, Mexico},
  month =        {December},
  pages =        {1678--1683}
}

@INPROCEEDINGS{BOAP:09,
  AUTHOR =       {R. A. Borges and R. C. L. F. Oliveira and C. T. Abdallah and P. L. D. Peres},
  TITLE =        {{$\mathcal{H}_\infty$} filtering of networked systems with time-varying sampling rates},
  BOOKTITLE =    acc09,
  YEAR =         {2009},
  address =      {St. Louis, MO, USA},
  month =        {June},
  pages =        {3372--3377}
}

@ARTICLE{GB:06,
   author={J. C. Geromel and R. A. Borges},
   title={Joint optimal design of digital filters and state-space realizations},
   journal = ieeetcsIIeb,
	year = {2006},
	volume = {53},
   number = {12},
	month = {December},
	pages = {1353--1357 },
}

@ARTICLE{BOAP:10a,
    author={R. A. Borges and R. C. L. F. Oliveira and C. T. Abdallah and P. L. D. Peres},
    title={{${\mathcal{H}}_{\infty}$} filtering for discrete-time linear systems with bounded time-varying parameters},
   journal = sp,
	year = {2010},
	volume = {90},
   number = {1},
	month = {January},
	pages = {282--291},
}

@ARTICLE{XLZZ:04,
	AUTHOR       = "L. Xie and L. Lu and D. Zhang and H. Zhang",
	TITLE        = "Improved robust {$\mathcal{H}_2$} and {$\mathcal{H}_\infty$} filtering for uncertain discrete-time systems",
	JOURNAL      = aut,
	YEAR         = "2004",
	VOLUME       = "40",
	NUMBER       = "5",
	PAGES        = "873--880",
	MONTH        = "May",
	NOTE         = ""
}

@ARTICLE{LXYS:99,
	AUTHOR       = "L. Lie and L. Xie and W.-Y. Yan and Y. C. Soh",
	TITLE        = "{$\mathcal{H}_2$} optimal reduced-order filtering with frequency weighting",
	JOURNAL      = ieeetcsI,
	YEAR         = "1999",
	VOLUME       = "46",
	NUMBER       = "6",
	PAGES        = "763--767",
	MONTH        = "June",
	NOTE         = ""
}

@ARTICLE{SPB:08,
	AUTHOR       = "F. O. Souza and R. M. Palhares and K. A. Barbosa",
	TITLE        = "New improved delay-dependent {$\mathcal{H}_\infty$} filter design for uncertain neutral systems",
	JOURNAL      = ietcta,
	YEAR         = "2008",
	VOLUME       = "2",
	NUMBER       = "12",
	PAGES        = "1033--1043",
	MONTH        = "December",
	NOTE         = ""
}

@ARTICLE{GPT:06,
  author =       {E. N. Gon{\c{c}al}ves and R. M. Palhares and R. H. C. Takahashi},
  title =        {{$\mathcal{H}_2$}/{$\mathcal{H}_\infty$} filter design for systems with polytope-bounded uncertainty},
  journal =      ieeetsp,
  year =         {2006},
  volume =       {54},
  number =       {9},
  pages =        {3620--3626},
  month =        {September},
}

@ARTICLE{ZXS:09,
  author =       {J. Zhang and Y. Xia  and P. Shi},
  title =        {Parameter-dependent robust {${\mathcal{H}}_{\infty}$} filtering for uncertain discrete-time systems},
  journal =      aut,
  year =         {2009},
  volume =       {45},
  number =       {2},
  pages =        {560--565},
  month =        {February},
}

@ARTICLE{GLXW:05,
  author =       {H. Gao and J. Lam  and L. Xie and C. Wang},
  title =        {New approach to mixed {${\mathcal{H}}_{2}$/${\mathcal{H}}_{\infty}$} filtering for polytopic discrete-time systems},
  journal =      ieeetsp,
  year =         {2005},
  volume =       {53},
  number =       {8},
  pages =        {3183--3192},
  month =        {August},
}

@ARTICLE{GK:08,
  author =       {J. C. Geromel and R. H. Korogui},
  title =        {{$\mathcal{H}_2$} robust filter design with performance certificate via convex programming},
  journal =      aut,
  year =         {2008},
  volume =       {44},
  number =       {4},
  pages =        {937--948},
  month =        {April},
}

@INPROCEEDINGS(LOP:10,
 author = {M. J. Lacerda and R. C. L. F. Oliveira and P. L. D. Peres},
 title = {Robust {$\mathcal{H}_2$} filter design for polytopic linear systems via {LMIs} and polynomial matrices},
 booktitle = cdc49,
 year = {2010},
 OPTvolume = { },
 pages = {1466--1471},
 address = {Atlanta, GA, USA},
 month = {December},
)

@ARTICLE{SMNI:09,
  author =       {P. Shi and M. Mahmoud and S. K. Nguang and A. Ismail},
  title =        {Robust filtering for jumping systems with mode-dependent delays},
  journal =      sp,
  year =         {2009},
  volume =       {86},
  number =       {1},
  pages =        {140--152},
  month =        {January},
}

@ARTICLE{ZMS:10,
  author =       {H. Zhang and A. S. Mehr and Y. Shi},
  title =        {Improved robust energy-to-peak filtering for uncertain linear systems},
  journal =      sp,
  year =         {2010},
  volume =       {90},
  number =       {9},
  pages =        {2667--2675},
  month =        {September},
}

@ARTICLE{HLRW:09,
  author =       {Y. He and G.-P. Liu and D. Rees and M. Wu},
  title =        {{${\mathcal{H}}_{\infty}$} filtering for discrete-time systems with time-varying delay},
  journal =      sp,
  year =         {2009},
  volume =       {89},
  number =       {3},
  pages =        {275--282},
  month =        {March},
}

@ARTICLE{NT:01,
  author =       {Ph. Neveux and G. Thomas},
  title =        {Robust filtering for uncertain systems},
  journal =      sp,
  year =         {2001},
  volume =       {81},
  number =       {4},
  pages =        {809--817},
  month =        {April},
}

@ARTICLE{HL:10,
  author =       {S. He and F. Liu},
  title =        {Robust peak-to-peak filtering for {M}arkov jump systems},
  journal =      sp,
  year =         {2010},
  volume =       {90},
  number =       {2},
  pages =        {513--522},
  month =        {February},
}


@ARTICLE{PSZ:10,
  author =       {S. Pan and J. Sun and S. Zhao},
  title =        {Robust filtering for discrete time piecewise impulsive systems},
  journal =      sp,
  year =         {2010},
  volume =       {90},
  number =       {1},
  pages =        {324--330},
  month =        {January},
}

@ARTICLE{DZZM:06a,
  author =       {Z. Duan and J. Zhang and C. Zhang and E. Mosca},
  title =        {A simple design method of reduced-order filters and its applications to multirate filter bank design},
  journal =      sp,
  year =         {2006},
  volume =       {86},
  number =       {5},
  pages =        {1061--1075},
  month =        {May},
}


@ARTICLE{LXX:10,
  author =       {R. Lu and Y. Xu and A. Xue},
  title =        {{${\mathcal{H}}_{\infty}$} filtering for singular systems with communication delays},
  journal =      sp,
  year =         {2010},
  volume =       {90},
  number =       {4},
  pages =        {1240--1248},
  month =        {April},
}


@ARTICLE{DWG:09,
  author =       {H. Dong and Z. Wang and H. Gao},
  title =        {{${\mathcal{H}}_{\infty}$} filtering for systems with repeated scalar nonlinearities under unreliable communication links},
  journal =      sp,
  year =         {2009},
  volume =       {89},
  number =       {8},
  pages =        {1567--1575},
  month =        {August},
}

	
@ARTICLE{CLG:09,
  author =       {C. Chen and H. Liu and X. Guan},
  title =        {{${\mathcal{H}}_{\infty}$} filtering of time-delay {T--S} fuzzy systems based on piecewise {L}yapunov-{K}rasovskii functional},
  journal =      sp,
  year =         {2009},
  volume =       {89},
  number =       {10},
  pages =        {1998--2005},
  month =        {October},
}
				
@ARTICLE{CXZ:09,
  author =       {Y. Chen and A. Xue and S. Zhou},
  title =        {New delay-dependent {${\mathcal{L}}_{2}$}-{${\mathcal{L}}_{\infty}$} filter design for stochastic time-delay systems},
  journal =      sp,
  year =         {2009},
  volume =       {89},
  number =       {6},
  pages =        {974--980},
  month =        {July},
}
			
@ARTICLE{ZLX:09,
  author =       {B. Zhang and J. Lam and S. Xu},
  title =        {Deconvolution filtering for stochastic systems via homogeneous polynomial {L}yapunov functions},
  journal =      sp,
  year =         {2009},
  volume =       {89},
  number =       {4},
  pages =        {605--614},
  month =        {April},
}


@ARTICLE(BSC:09,
  author =       "M. V. Basin and  P. Shi and D. Calderon-Alvarez ",
  title =        {Central suboptimal {$\mathcal{H}_{\infty}$} filter design for nonlinear polynomial systems},
  journal =      ijacsp,
  year =         "2009",
  volume =       "23",
  number =       "10",
  month=   "October", 
  pages =        "926--939",
)


@ARTICLE(BSCW:09,
  author =       "M. V. Basin and  P. Shi and  D. Calderon-Alvarez and J. Wang",
  title =        {Central suboptimal {$\mathcal{H}_{\infty}$} filter design for  linear time-varying systems with state or measurement delay},
  journal =      cssp,
  year =         "2009",
  volume =       "28",
  number =       "2",
  month=   "April", 
  pages =        "305--330",
)

@ARTICLE(BSC:10,
  author =       "M. V. Basin and  P. Shi and  D. Calderon-Alvarez ",
  title =        {Central suboptimal {$\mathcal{H}_{\infty}$} filter design for  linear time-varying systems with state or measurement delay},
  journal =      ijss,
  year =         "2010",
  volume =       "41",
  number =       "4",
  month=   "April", 
  pages =        "411--421",
)

@ARTICLE{TSAN:05,
	AUTHOR       = "H. D. Tuan and T. T. Son and P. Apkarian and T. Q. Nguyen",
	TITLE        = "Low-order {IIR} filter bank design",
	JOURNAL      = ieeetcsI,
	YEAR         = "2005",
	VOLUME       = "52",
	NUMBER       = "8",
	PAGES        = "1673--1683",
	MONTH        = "August",
}

@ARTICLE{LLG:11,
  author =       {X. Li and Z. Li and H. Gao},
  title =        {Further results on {$\mathcal{H}_{\infty}$} filtering for discrete-time systems with state delay},
  journal =      ijrnlc,
  year =         {2011},
  volume =       {21},
  number =      {3},
  month=   {February}, 
  pages =        {248--270},
}

@ARTICLE{LOP:11a,
  author =       {M. J. Lacerda and R. C. L. F. Oliveira and P. L. D. Peres},
  title =        {Robust {$\mathcal{H}_{2}$} and {$\mathcal{H}_{\infty}$} filter design for uncertain linear systems via {LMI}s and polynomial matrices},
  journal =      sp,
  year =         {2011},
  volume =       {91},
  number =      {5},
  month=   {May}, 
  pages =        {1115--1122},
}

 @ARTICLE{GMC:08b,
AUTHOR = {H. Gao and X. Meng and T. Chen},
TITLE = {A parameter-dependent approach to robust {$\mathcal{H}_{\infty}$} filtering for time-delay systems},
JOURNAL = ieeetac,
YEAR = {2008},
volume = {53},
number = {10},
pages = {2420--2425},
month = {November},
}



@ARTICLE{CdSB:09,
AUTHOR = {D. F. Coutinho and C. E. de{ }Souza and K. A. Barbosa},
TITLE = {Robust {$\mathcal{H}_{\infty}$} filter design for a class of discrete-time parameter varying systems},
JOURNAL = aut,
YEAR = {2009},
volume = {45},
number = {12},
pages = {2946--2945},
month = {December},
}


@ARTICLE{GW:04,
AUTHOR = {H. Gao and C. Wang},
TITLE = {A delay-dependent approach to robust {$\mathcal{H}_{\infty}$} filtering for uncertain discrete-time state-delayed systems},
JOURNAL = ieeetsp,
YEAR = {2004},
volume = {52},
number = {6},
pages = {1631--1640},
month = {June},
}

@ARTICLE{dSBT:06,
 AUTHOR =       {C. E. de{ }Souza and K. A. Barbosa and A. Trofino},
 TITLE =        {Robust  {$\mathcal{H}_{\infty}$}  filtering for discrete-time linear systems with uncertain time-varying parameters},
 JOURNAL =      ieeetsp,
 YEAR =         {2006},
 volume =       {54},
 number =       {6},
 pages =        {2110--2118},
 month =        {June},
} 

@INPROCEEDINGS{dSFT:00,
author = {C. E. de{ }Souza and M. Fu and A. Trofino},
title = {Robust {$\mathcal{H}_{\infty}$} filter design using parameter dependent {L}yapunov functions},
booktitle = rocond00,
year = {2000},
pages = {1--6},
address = {Prague, Czech Republic},
month = {June},
}

@INPROCEEDINGS{VG:05,
 author = {J. M. Velni and K. M. Grigoriadis},
 title = {Delay-dependent {$\mathcal{H}_\infty$} filtering for state-delayed {LPV} systems},
 booktitle =  {Proceedings of the 13th Mediterranean Conference on Control and Automation},
 year = "2005",
 OPTvolume = " ",
 pages = "1538--1543",
 address = "Limassol, Cyprus",
 month = "June"
}

@INPROCEEDINGS{MG:06,
 author = {J. Mohammadpour and K. M. Grigoriadis},
 title = {Delay-dependent {$\mathcal{H}_\infty$} filtering for a class of time-delayed {LPV} systems},
 booktitle = acc06,
 year = "2006",
 OPTvolume = " ",
 pages = "1523--1528",
 address = {Minneapolis, MN, USA}, 
}


@ARTICLE{VG:07,
 author = {J. M. Velni and K. M. Grigoriadis},
 title = {Less conservative results of delay-dependent {$\mathcal{H}_\infty$} filtering for a class of time-delayed {LPV} systems},
 journal =  ijc,
 year = "2007",
 volume = "80",
 number = "2",
 pages = "281--291",
 month = "February"
}

@ARTICLE{MG:08,
 author = {J. Mohammadpour and K. M. Grigoriadis},
 title = {Delay-dependent {$\mathcal{H}_\infty$} filtering for time-delayed {LPV} systems},
 journal =  scl,
 year = "2008",
 volume = "57",
 number = "4",
 pages = "290--299",
 month = "April"
}

@INPROCEEDINGS{LLOP:11,
 author = {M. J. Lacerda and V. J. S. Leite and R. C. L. F. Oliveira and P. L. D. Peres},
 title = {Robust {${\mathcal{H}}_\infty$} filter design for polytopic discrete-time delay systems via {LMIs} and polynomial matrices},
 booktitle = cdc50-ecc11,
 year = {2011},
 OPTvolume = {},
 pages = {8225--8230},
 address = {Orlando, FL, USA},
 month = {December},
}

@INPROCEEDINGS{LOP:11b,
 author = {M. J. Lacerda and R. C. L. F. Oliveira and P. L. D. Peres},
 title = {{${\mathcal{H}}_\infty$} parameter-dependent filter design for arbitrarily time-varying {LPV} Systems},
 booktitle = ifac11,
 year = {2011},
 OPTvolume = {},
 pages = {7927--7932},
 address = {Milano, Italy},
 month = {September},
}

@ARTICLE(Du:10,
  author =       "D. Du",
  title =        {{${\mathcal{H}}_\infty$} filter for discrete-time switched systems with time-varying delays},
  journal =      nahs,
  year =         "2010",
  volume =       "4",
  number =       "4",
  month=   "November", 
  pages =        "782--790",
)

@ARTICLE(ZSBW:07,
  author =       "L. Zhang and P. Shi and E.-K. Boukas and C. Wang",
  title =        {Robust {${\mathcal{L}}_{2}$}-{${\mathcal{L}}_{\infty}$} filtering for switched linear discrete time-delay systems with polytopic uncertainties},
  journal =      ietcta,
  year =         "2007",
  volume =       "1",
  number =       "3",
  month=   "May", 
  pages =        "722--730",
)

@ARTICLE(QFY:08,
  author =       "J. Qiu and G. Feng and J. Yang",
  title =        {New results on robust energy-to-peak filtering for discrete-time switched polytopic 
linear systems with time-varying delay},
  journal =      ietcta,
  year =         "2008",
  volume =       "2",
  number =       "9",
  month=   "September", 
  pages =        "795--806",
)


@ARTICLE(ZSS-M:10,
  author =       "H. Zhang and Y. Shi and A. {Saadat Mehr}",
  title =        {Robust energy-to-peak filtering for networked systems with time-varying delays and randomly missing data},
  journal =      ietcta,
  year =         "2010",
  volume =       "4",
  number =       "12",
  month=   "December", 
  pages =        "2921--2936",
)

@ARTICLE(YGS:11,
  author =       "R. Yang and H. Gao and P. Shi",
  title =        {Delay-dependent {${\mathcal{L}}_{2}$}-{${\mathcal{L}}_{\infty}$} filter design for sthocastic time-delay systems discrete time-delay systems},
  journal =      ietcta,
  year =         "2011",
  volume =       "5",
  number =       "1",
  month=   "January", 
  pages =        "1--8",
)

@ARTICLE(NS:07,
  author =       "S. K. Nguang and P. Shi",
  title =        {Delay-dependent {${\mathcal{H}}_\infty$} filtering for uncertain time delay nonlinear systems: an {LMI} approach},
  journal =      ietcta,
  year =         "2007",
  volume =       "1",
  number =       "1",
  month=   "January", 
  pages =        "133--140",
)

@ARTICLE(ZZZ:06,
  author =       "S. Zhou and B. Zhang and W. X. Zheng",
  title =        {Gain-scheduled {${\mathcal{H}}_\infty$} filtering of parameter-varying systems},
  journal =      ijrnlc,
  year =         "2006",
  volume =       "16",
  number =       "8",
  month=   "May", 
  pages =        "397--411",
)


@INPROCEEDINGS(LTOP:13,
 author = {M. J. Lacerda and E. S. Tognetti and R. C. L. F. Oliveira and P. L. D. Peres},
 title = {{${\mathcal{H}}_\infty$} {LPV} filtering for discrete-time linear systems subject to additive and multiplicative uncertainties in the measurement},
 booktitle = ecc13,
 year = {2013},
 pages = {1823--1828},
 address = {Zurich, Switzerland},
 month = {July}
)

@InProceedings{LTOP:12,
 author = {M. J. Lacerda and E. S. Tognetti and R. C. L. F. Oliveira and P. L. D. Peres},
 title = {Filtragem seletiva {$\mathcal{H}_{\infty}$} para sistemas lineares com par\^ametros variantes cont\'inuos no tempo},
 booktitle = cba12,
 year = {2012},
 address = {Campina Grande, PB, Brasil},
 month = {Setembro},
  pages = {4666--4673},
}

@InProceedings{LLOP:12,
 author = {M. J. Lacerda and V. J. S. Leite and R. C. L. F. Oliveira and P. L. D. Peres},
 title = {Filtragem {$\mathcal{H}_{\infty}$}  dependente de par\^ametros para sistemas {LPV} discretos com atraso nos estados},
 booktitle = cba12,
 year = {2012},
 address = {Campina Grande, PB, Brasil},
 month = {Setembro},
 pages = {2425--2431},
}


@ARTICLE(LLOP:13,
author = {M. J. Lacerda and V. J. S. Leite and R. C. L. F. Oliveira and P. L. D. Peres},
title = {Delay-dependent robust {${\mathcal{H}}_\infty$} filter design for state-delayed discrete-time linear systems via homogeneous polynomial matrices},
journal = ietcta,
year = "2013",
volume = "7",
number = "1",
month= "January",
pages = "125--135",
)

@ARTICLE(ZS:11,
author = "L. Zhang and P. Shi",
title = {{$\mathcal{H}_{\infty}$} filtering for a class of switched linear parameter varying systems},
journal = ijss,
year = "2011",
volume = "42",
number = "5",
month= "May",
pages = "781--788",
)

@ARTICLE(WJ:13,
author = "H. Wang and H. Ju ",
title = {Reliable {$\mathcal{H}_{\infty}$} filtering for {LPV} systems with sensor faults in finite frequency domain},
journal = ijss,
year = "2013",
volume = "44",
number = "12",
month= "December",
pages = "2310--2320",
)


@ARTICLE(SLL:09,
author = "Z. Shu and J. Lam and P. Li",
title = {On positive filtering with {$\mathcal{H}_{\infty}$} performance for compartmental networks},
journal = ijss,
year = "2009",
volume = "40",
number = "9",
month= "September",
pages = "961--971",
)

@ARTICLE(ZS:08,
  author =       "L. Zhang and P. Shi ",
  title =        {{$\ell_2$}--{$\ell_{\infty}$} {M}odel reduction for switched {LPV} systems with average dwell time},
  journal =      ieeetac,
  year =         "2008",
  volume =       "53",
  number =       "10",
  month=   "November", 
  pages =        "2443--2448",
)


@article{LJ:14,
    author = {D. H. Lee and Y. H. Joo},
    title = {Extended robust {$\mathcal{H}_2$} and {$\mathcal{H}_\infty$} filter design for discrete time-invariant linear systems with polytopic uncertainty},
    journal = cssp,
    number = {2},
    pages = {393--419},
    volume = {33},
    year = {2014},
    month = {February},
}

@ARTICLE{MXS:00,
author={M. S. Mahmoud and L. Xie and Y. C. Soh},
journal= ieepcta,
title={Robust {K}alman filtering for discrete state-delay systems},
year={2000},
volume={147},
number={6},
pages={613--618},
month = {November},
}

@ARTICLE{ZSX:02,
author={X. Zhu and Y. C. Soh and L. Xie},
title={Robust {K}alman filter design for discrete time-delay systems},
year={2002},
journal= cssp,
volume={21},
number={3},
pages={319--335},
month={May}
}

@ARTICLE{LFS:13,
  author = {J. Lian and Z. Feng  and P. Shi},
  title = {Robust $\mathcal{H}_{\infty}$ filtering for a class of uncertain
	stochastic hybrid neutral systems with time-varying delay},
  journal = ijacsp,
  year = {2013},
  volume = {27},
  pages = {462--477},
  number = {6},
}

@ARTICLE{HSC:07,
  author = {L. S. Hu  and P. Shi and Y. Y. Cao},
  title = {Delay-dependent filtering design for time-delay systems with {M}arkovian
	jumping parameters},
  journal = ijacsp,
  year = {2007},
  volume = {21},
  pages = {434--448},
  number = {5},
}

@ARTICLE{LWW:11,
  author = {Y. Liu  and Z. Wang  and W. Wang},
  title = {Reliable $\mathcal{H}_{\infty}$ filtering for discrete time-delay
	{M}arkovian jump systems with partly unknown transition probabilities},
  journal = ijacsp,
  year = {2011},
  volume = {25},
  pages = {554--570},
  number = {6},
}

@ARTICLE{LZSL:14,
  author = {X. Luan and S. Zhao  and P. Shi  and F. Liu},
  title = {$\mathcal{H}_{\infty}$ filtering for discrete-time {M}arkov jump
	systems with unknown transition probabilities},
  journal = ijacsp,
  year = {2014},
  volume = {28},
  pages = {138--148},
  number = {2},
}


@ARTICLE{CZZZH:13,
  author = {J. Cheng  and H. Zhu  and S. Zhong  and Y. Zeng  and L. Hou},
  title = {Finite-time $\mathcal{H}_{\infty}$ filtering for a class of discrete-time
	{M}arkovian jump systems with partly unknown transition probabilities},
  journal = ijacsp,
  volume = {28},
  number = {10}, 
  month = {October}, 
  year = {2014},
  pages = {1024--1042},
}

@ARTICLE{YGB:13,
 author = {J. You and H. Gao and M. V. Basin},
 title = {Further improved results on {${\mathcal{H}}_\infty$} filtering for discrete time-delay systems},
 journal = sp,
 year = {2013},
 volume = {93},
  number = {7},
  month=  {July}, 
 pages = {1845--1852},
}

@ARTICLE{FH:15,
 author = {J. Feng and K. Han},
 title = {Robust full- and reduced-order energy-to-peak filtering for discrete-time uncertain linear systems},
 journal = sp,
 year = {2015},
 volume = {108},
  number = {},
  month=  {March}, 
 pages = {183--194},
}

@ARTICLE{LJT:14,
  author = {D. H. Lee and Y. H. Joo and M. H. Tak},
  title = {Periodically time-varying {${\mathcal{H}}_\infty$} memory filter
	design for discrete-time {LTI} systems with polytopic uncertainty},
  journal = ieeetac,
  year = {2014},
  volume = {59},
  pages = {1380--1385},
  number = {5},
  month = {May}
}

@ARTICLE{WY:08,
  author = {H. Wang and G. -H. Yang},
  title = {A finite frequency approach to filter design for uncertain discrete-time
	systems},
  journal = ijacsp,
  year = {2008},
  volume = {22},
  pages = {533--550},
  number = {6},
  month = {August}
}


@INPROCEEDINGS{YGSZ:09,
author = {R. Yang and H. Gao and P. Shi and L. Zhang},
booktitle = cdc48,
title={Delay-dependent energy-to-peak filter design for stochastic systems with time delay: {A} delay partitioning approach},
year={2009},
month={December},
pages={5472--5477},
address = {Shanghai, P. R. China}, 
}


@ARTICLE{SLL:12,
author={P. Shi and X. Luan and C.-L. Liu},
journal=ieeetie,
title={{$\mathcal{H}_{\infty}$} filtering for discrete-time systems with stochastic incomplete measurement and mixed delays},
year={2012},
month={June},
volume={59},
number={6},
pages={2732--2739},
}

@ARTICLE{HKTAT:13,
author={A. Hmamed and C. E. Kasri and E. H. Tissir and T. Alvarez and F. Tadeo},
journal= ijicic,
title={Robust {$\mathcal{H}_{\infty}$} filtering for uncertain {2-D} continuous systems with delays},
year={2013},
month={May},
volume={9},
number={5},
pages={2167--2183},
}

@ARTICLE{LLH:14,
author={Y. Li and J. Li and M. Hua},
journal= ijicic,
title={New results of {$\mathcal{H}_{\infty}$} filtering for neural network with time-varying delay},
year={2014},
month={December},
volume={10},
number={6},
pages={2309--2323},
}

@ARTICLE{SSWB:14,
author={X. Su and P. Shi and L. Wu and M.V. Basin},
journal= ieeetcyb,
title={Reliable filtering with strict dissipativity for {T--S} fuzzy time-delay systems},
year={2014},
month={December},
volume={44},
number={12},
pages={2470--2483},
}


@Book{GL:14,
author = {H. Gao and X. Li},
title = {Robust Filtering for Uncertain Systems: {A} Parameter-Dependent Approach},
publisher = {Springer International Publishing},
year = {2014},
series = {Communications and Control Engineering},
address = {Heidelberg, Germany},
edition = {1st},
}

@ARTICLE{ITC:15,
 author = {J. Y. Ishihara and M. H. Terra and J. P. Cerri},
 title = {Optimal robust filtering for systems subject to uncertainties},
 journal =  aut,
 year = "2015",
 volume = "52",
 OPTnumber = " ",
 pages = "111--117",
 month = "February"
}

@Inproceedings{FLOP:15a,
author = {L. Frezzatto and M. J. Lacerda and R. C. L. F. Oliveira and P. L. D. Peres},
title={Robust {${\mathcal{H}}_\infty$} memory filters for uncertain discrete-time linear systems},
booktitle=acc15,
year={2015},
month={July},
address={Chicago, IL, USA},
pages={4004--4009},
}

@Article{FLOP:15b,
  author =   {L. Frezzatto and M. J. Lacerda and R. C. L. F. Oliveira and P. L. D. Peres},
  title =        {Robust {$\mathcal{H}_{2}$} and {$\mathcal{H}_{\infty}$} memory filter design for linear uncertain discrete-time delay systems},
  journal =    sp,
  year =         {2015},
  volume =       {117},
  month=   {December}, 
  pages =        {322--332},
}

@ARTICLE{MBLOP:15,
  author =   {C. F. Morais and M. F. Braga and M. J. Lacerda and R. C. L. F. Oliveira and P. L. D. Peres},
  title =        {{$\mathcal{H}_{2}$} and {$\mathcal{H}_{\infty}$} filter design for polytopic continuous-time {M}arkov jump linear systems with uncertain transition rates},
  journal =    ijacsp,
  year =         {2015},
  volume =       {29},
  number = {10}, 
  month=   {October}, 
  pages =        {1207--1223},
}

@ARTICLE(LTOP:16,
  author =       "M. J. Lacerda and E. S. Tognetti and R. C. L. F. Oliveira and P. L. D. Peres",
  title =        {A new approach to handle additive and multiplicative uncertainties in the measurement for {$\mathcal{H}_{\infty}$} {LPV} filtering},
  journal =      ijss,
  year =         "2016",
  volume =       "47",
  number =       "5",
  pages =        "1042--1053",
)


@ARTICLE{SFG:14,
  author = {M. Souza and A. R. Fioravanti and J. C. Geromel},
  title = {$\mathcal{H}_2$ sampled-data filtering of linear systems},
  journal = ieeetsp,
  year = {2014},
  volume = {62},
  pages = {4839--4846},
  number = {18},
  month = {September},
}

@Article{FdOOP:17,
  author = {L. Frezzatto and M. C. de{ }Oliveira and
                  R. C. L. F. Oliveira and P. L. D. Peres},
  title = {Robust non-minimal order filter and smoother design for
                  discrete-time uncertain system},
  journal = ijrnlc,
  year = {2017},
  volume = {27},
  number = {4},
  pages = {661--678},
  month = {March},
}

@INPROCEEDINGS{LWD:08,
author={W. Li and Z.-G. Wang and Y.-Q. Deng},
booktitle={Proc. 2008 Chinese Control Decision Conf.},
title={$\mathcal{H}_\infty$ filtering for linear discrete-time systems
                  with time-varying parameters via {LPV} filters},
year={2008},
month={July},
 address = {Yantai, China},
}

@INPROCEEDINGS{ROP:15,
author = "L. B. R. R. Rom{\~a}o and R. C. L. F. Oliveira and  P. L. D. Peres",
title = "Projeto de filtros robustos $\mathcal{H}_{2}$  usando {LMI}s com escalares",
year = "2015",
booktitle = sbai15,
pages = "630--635",
address = {Natal, RN, Brasil},
month = {Outubro},
}

@BOOK{Din:13,
  title = {Adaptive {F}iltering: {A}lgorithms and {P}ractical {I}mplementation},
  publisher = {Springer US},
  year = {2013},
  author = {P. S. R. Diniz},
  pages = {652},
  address = {New York, NY},
  edition = {4th},
}

@BOOK{Leo:08,
  title = {Probability, Statistics, and Random Processes for Electrical
	Engineering},
  publisher = {Pearson-Addison-Wesley},
  year = {2008},
  author = {Leon-Garcia, A.},
  edition = {3rd},
  address = {Upper Saddle River, NJ},
}

@BOOK{RACS:10,
  title = {Unsupervised Signal Processing: Channel Equalization and
	Source Separation},
  publisher = {CRC Press},
  year = {2010},
  author = {J. M. T. Romano and R. Attux and C. C. Cavalcante and R. Suyama},
  edition = {1st},
  month = {September},
  address = {Boca Raton, FL},
}

@BOOK{Say:11,
  title = {Adaptive filters},
  publisher = {John Wiley \& Sons},
  year = {2011},
  author = {A. H. Sayed},
  address = {Hoboken, NJ}
}

@ARTICLE{Uhl:07,
  author = {T. Uhl},
  title = {The inverse identification problem and its technical application},
  journal = aam,
  year = {2007},
  volume = {77},
  pages = {325--337},
  number = {5},
  month = {May}, 
}

@ARTICLE{GL:11,
author={H. Gao and X. Li},
journal=ieeetac,
title={$\mathcal{H}_{\infty}$ filtering for discrete-time state-delayed systems with finite frequency specifications},
year={2011},
volume={56},
number={12},
pages={2935--2941},
month={December}, 
}

