%
% As macros para os nomes de jornais e congressos estao
% no arquivo listacompleta.bib. Novos nomes devem ser
% incluidos la. Pedro, 10.11.2003
%


@ARTICLE(LP:03,
 author = {V. J. S. Leite and P. L. D. Peres},
 title = {An improved {LMI} condition for robust {$\mathcal{D}$}-stability 
 of uncertain polytopic systems},
 journal = ieeetac,
 year = 2003,
volume = {48},
number = {3},
pages = {500--504},
month = {March},
)

@ARTICLE(GdOB:02,
 author = {J. C. Geromel and M. C. de{  }Oliveira and J. Bernussou},
 title = {Robust filtering of discrete-time linear systems with parameter dependent {L}yapunov functions},
 journal = siamjco,
 volume = {41},
 number={3},
 pages = {700--711},
 year = {2002},
 month={}, 
)

@ARTICLE(Sol:94,
 author = {V. Solo},
 title = {On the stability of slowly time-varying linear-systems},
 journal =  mcss ,
 year = "1994",
 volume = {7},
 number={4},
 pages = {331--350}
)

@ARTICLE(DD:91,
 author = {M. Dahleh and M. A. Dahleh},
 title = {On slowly time-varying systems},
 journal =  aut ,
 year = "1991",
 volume = {27},
 number={1},
 month={January},
 pages = {201-205}
)


@ARTICLE(Bre:78,
 author = {J. W. Brewer},
 title = {Kronecker products and matrix calculus in system theory},
 journal = "IEEE Transactions on Circuits and Systems",
 year = "1978",
 volume = {Cas-25},
 number={9},
 month={September},
 pages = {772--781}
)

@BOOK(Bel:97,
 author = "R. Bellman",
 title = "Introduction to {M}atrix {A}nalysis",
 publisher = "SIAM",
 year = "1997",
 volume = "19",
 series = "Classics in {A}pplied {M}athematics",
 edition = "$2^{nd}$ edition"
)


@ARTICLE(BB:99,
 author = {P. Bendotti and B. Bodenheimer},
 title = {Linear parameter-varying versus linear time-invariant control
design for a pressurized water reactor},
 journal =  ijrnlc ,
 year = "1999",
 volume = {9},
 pages = {969--995}
)

@ARTICLE(BW:99,
 author = {V. Balakrishnan and F. Wang},
 title = {Efficient computation of a guaranteed lower bound on the robust  stability margin for a class of uncertain systems},
 journal =  ieeetac ,
 year = "1999",
 volume = {44},
 number = {11},
 pages = {436--442}
)

@ARTICLE(CCL:95,
 author = {B. S. Chen and Y. M. Cheng and C. H. Lee},
 title = {A genetic approach to mixed  {${\mathcal{H}}_2$}/{${\mathcal{H}}_\infty$} optimal {PID} control},
 journal =  ieeecs ,
 year = "1995",
 volume =  15 ,
 number =  5 ,
 pages = {51--60}
)

@ARTICLE(dOBG:99,
 author = {M. C. de{  }Oliveira and J. Bernussou and J. C. Geromel},
 title = {A new discrete-time robust stability condition},
 journal =  scl ,
 year = "1999",
 volume = {37},
 number = {4},
 pages = {261--265},
 month = {July}
)


@ARTICLE(FAG:96,
 author = {E. Feron and P. Apkarian and P. Gahinet},
 title = {Analysis and synthesis of robust control systems via  
parameter-dependent {L}yapunov functions},
 journal =  ieeetac ,
 year = "1996",
 volume = {41},
 number = {7},
 pages = {1041--1046},
 month = "July"
)



@ARTICLE(GAC:96,
 author = {P. Gahinet and P. Apkarian and M. Chilali},
 title = {Affine parameter-dependent {L}yapunov functions and real parametric  uncertainty},
 journal =  ieeetac,
 year = "1996",
 volume = {41},
 number = {3},
 pages = {436--442},
 month = "March"
)

@ARTICLE(GZL:90,
 author = {K. Gu and M. A. Zohdy and N. K. Loh},
 title = {Necessary and sufficient conditions of quadratic stability of  uncertain linear systems},
 journal =  ieeetac ,
 year = "1990",
 volume = {35},
 number = {5},
 pages = {601--604},
 month = {May}
)

@ARTICLE(HB:94,
 author = {W. M. Haddad and D. S. Bernstein},
 title = {Parameter-dependent {L}yapunov functions and the discrete-time {P}opov {C}riterion for robust analysis},
 journal =  aut ,
 year = "1994",
 volume = {30},
 number = {6},
 pages = {1015--1021}
)

@ARTICLE(HB:95,
 author = {W. M. Haddad and D. S. Bernstein},
 title = {Parameter-dependent {L}yapunov functions and the {P}opov {C}riterion in robust analysis and synthesis},
 journal =  ieeetac ,
 year = "1995",
 volume = {40},
 number = {3},
 pages = {536--543}
)

@ARTICLE(HC:97,
 author = {W. M. Haddad and V. S. Chellaboina},
 title = {Robust nonlinear-nonquadratic feedback control via parameter-dependent {L}yapunov functions},
 journal =  ijc ,
 year = "1997",
 volume = {66},
 number = {6},
 pages = {843--861}
)

@ARTICLE(HL:99,
 author = {T. Hu and J. Lam},
 title = {Improvement of parametric stability margin under pole assignment},
 journal =  ieeetac ,
 year = "1999",
 volume = {44},
 number = {10},
 pages = {1938--1942}
)




@ARTICLE(dOGB:02,
 author = {M. C. de{  }Oliveira and  J. C. Geromel and J. Bernussou},
 title = {Extended {${\mathcal{H}}_{2}$} and {${\mathcal{H}}_{\infty}$} 
characterization and controller parametrizations for discrete-time systems},
 journal =  ijc ,
 year = "2002",
 volume = {75},
 number = {9},
 pages = {666--679},
 month = {June}
)


@ARTICLE(MK:00,
 author = {T. Mori and H. Kokame},
 title = {A parameter-dependent {L}yapunov function for a polytope of 		matrices},
 journal =  ieeetac ,
 year = "2000",
 volume = {45},
 number = {8},
 pages = {1516--1519},
 month = {August}
)

@ARTICLE(PABB:00,
 author = {D. Peaucelle and D. Arzelier and O. Bachelier and J. Bernussou},
 title = {A new robust {${\mathcal{D}}$}-stability condition for real convex polytopic uncertainty},
 journal =  scl ,
 year = "2000",
 volume = {40},
 number = {1},
 pages = {21--30},
 month = {May}
)

@ARTICLE(RP:02,
 author = {D. C. W. Ramos and P. L. D. Peres},
 title = {An {LMI} condition for the robust stability of uncertain
continuous-time linear systems},
 journal =  ieeetac, 
 year = {2002},
 volume = {47},
 number = {4},
 pages = {675--678},
 month = {April},
)

@ARTICLE(RP:01b,
 author = {D. C. W. Ramos and P. L. D. Peres},
 title = {A less conservative {LMI} condition for the robust stability of discrete-time uncertain systems},
 journal =  scl ,
 year = "2001",
 volume = {43},
 number = {5},
 pages = {371--378},
 month = {August}
)

@ARTICLE(Sha:01,
 author = {U. Shaked},
 title = {Improved {LMI} representations for the analysis and the design of continuous-time systems with polytopic type uncertainty},
 journal =  ieeetac ,
 year = "2001",
 volume = {46},
 number = {4},
 pages = {652--656},
 month = {April}
)


@ARTICLE(YTK:99,
 author = {J. J. Yan and J. S. H. Tsai and F. C. Kung},
 title = {Robust stability analysis of interval systems with multiple  time-varying delays: {E}volutionary programming approach},
 journal =  jfi ,
 year = "1999",
 volume = {336},
 pages = {711--720}
)

@BOOK(Gol:89,
 author = {D. E. Goldberg},
 title = {Genetic Algorithms in Search, Optimization and Machine  Learning},
 publisher = {Addison-Wesley},
 year = {1989},
 address = {Reading, MA, USA}
)

@BOOK(Mic:96,
 author = {Z. Michalewicz},
 title = {Genetic Algorithms + Data Structures = Evolution Programs},
 publisher = {Springer-Verlag},
 year = {1996},
 address = {New York, NY, USA}
)


@INPROCEEDINGS(BK:94,
 author = {E. Baeyens and P. P. Khargonekar},
 title = {Some examples in mixed  {${\mathcal{H}}_{2}/{\mathcal{H}}_\infty$} control},
 booktitle =  acc94 ,
 year = {1994},
 pages = {1608--1612},
 address = {Baltimore, MD, USA},
 month = {June}
)

@Inproceedings{DS:00,
        author={M. Dettori and C. W. Scherer},
        title={New robust stability and performance conditions based on parameter dependent multipliers},
        booktitle=cdc39,
        year={2000},
	month={December},
        volume={},
        number={},
        address={Sydney, Australia},
        pages={4187--4192},
}

@INPROCEEDINGS(DS:98,
 author = {M. Dettori and C. W. Scherer},
 title = {Robust stability analysis for parameter-dependent systems  using full block {S}-procedure},
 booktitle =  cdc37 ,
 year = {1998},
 pages = {2798--2799},
 address = {Tampa, FL, USA},
 month = {December}
)

@INPROCEEDINGS(GAC:94,
 author = {P. Gahinet and P. Apkarian and M. Chilali},
 title = {Affine parameter-dependent {L}ypunov functions for real  parametric uncertainty},
 booktitle =  cdc33 ,
 year = {1994},
 pages = {2026--2031},
 address = {Lake Buena Vista, FL, USA},
 month = {December}
)

@INPROCEEDINGS(dOOLMP:02b,
 author = {P. J. de{  }Oliveira and R. C. L. F. Oliveira and V. J. S. Leite and V. F. Montagner and P. L. D. Peres},
 title = {{LMI} based robust stability conditions for linear uncertain systems: {A} numerical comparison},
 booktitle =  cdc41,
 year = {2002},
 address = {Las Vegas, NV, USA},
 month = {December},
pages={644--649}
)

@Inproceedings{MLOP:04,
        author={V. F. Montagner and V. J. S. Leite and R. C. L. F. Oliveira and P. L. D. Peres},
        title={Controle {${\mathcal{H}}_{\infty}$} por realimenta{\c{c}\~{a}o} de estados
        linear variante com pa{r\^{a}}metros: {U}ma abordagem {LMI}},
        booktitle=cba04,
        volume={},
        address={Gramado, RS},
        pages={},
        year={2004},
    month={September}
}

@Inproceedings{LMP:02a,
    author={V. J. S. Leite and V. F. Montagner and P. L. D. Peres},
    title={Alocação robusta de p{\'{o}}los através de realimenta{\c{c}\~{a}o} de
    estados dependente de par{\^{a}}metros},
 booktitle = cba02,
 year = {2002},
 address = {Natal, RN},
 month = {Setembro},
pages={2450--2455}
}

@INPROCEEDINGS(dOOLMP:02a,
 author = {P. J. de{  }Oliveira and R. C. L. F. Oliveira and V. J. S. Leite and V. F. Montagner and P. L. D. Peres},
 title = {Estabilidade robusta de sistemas discretos no tempo atrav{\'{e}}s de desigualdades matriciais lineares},
 booktitle = cba02,
 year = {2002},
 address = {Natal, RN},
 month = {Setembro},
pages={2884--2889}
)

@INPROCEEDINGS(LMRP:02,
 author = {V. J. S. Leite and V. F. Montagner and D. C. W. Ramos and P. L. D. Peres},
 title = {Estabilidade robusta de sistemas contínuos no tempo atrav{\'{e}}s de desigualdades matriciais lineares},
 booktitle = cba02,
 year = {2002},
 address = {Natal, RN},
 month = {Setembro},
pages={2878--2883}
)

@INPROCEEDINGS(LMP:02b,
 author = {V. J. S. Leite and V. F. Montagner and P. L. D. Peres},
 title = {Robust pole location by parameter dependent state feedback control},
 booktitle =  cdc41 ,
 year = {2002},
 address = {Las Vegas, NV, USA},
 month = {December},
pages={1864--1869}
)

@INPROCEEDINGS(HHK:98,
 author = {B. Halder and B. Hassibi and T. Kailath},
 title = {Design of optimal mixed  {${\mathcal{H}}_{2}/{\mathcal{H}}_\infty$} static state feedback  controllers},
 booktitle =  acc98 ,
 year = {1998},
 pages = {3239--3243},
 address = {Philadelphia, PA, USA},
 month = {June}
)


@INPROCEEDINGS(Iwa:97,
 author = {T. Iwasaki},
 title = {Robust stability analysis with quadratic separator: {P}arametric  time-varying uncertainty case},
 booktitle =  cdc36 ,
 year = {1997},
 pages = {4880--4885},
 address = {San Diego, CA, USA},
 month = {December}
)



@INPROCEEDINGS(RP:01a,
 author = {D. C. W. Ramos and P. L. D. Peres},
 title = {An {LMI} approach to compute robust stability domains for uncertain linear systems},
 booktitle =  acc01 ,
 year = {2001},
 volume = {1},
 pages = {4073--4078},
 address = {Arlington, VA, USA},
 month = {June},
 OPTnumber = ""
)

@INPROCEEDINGS(Sch:98,
 author = {C. W. Scherer},
 title = {Robust performance analysis for parameter-dependent systems  using tensor product splines},
 booktitle =  cdc37 ,
 year = {1998},
 pages = {2216--2221},
 address = {Tampa, FL, USA},
 month = {December}
)

@INPROCEEDINGS(SF:98a,
 author = {T. Shimomura and T. Fujii},
 title = {Subspace controller design to the mixed  {${\mathcal{H}}_{2}/{\mathcal{H}}_\infty$} synthesis with uncommon {LMI} solutions},
 booktitle =  acc98 ,
 year = {1998},
 pages = {547--549},
 address = {Philadelphia, PA, USA},
 month = {June}
)

@INPROCEEDINGS(WUF:96,
 author = {R. Watanabe and K. Uchida and M. Fujita},
 title = {A new {LMI} approach to analysis of linear systems with  scheduling parameter --- redution to finite number of {LMI} conditions},
 booktitle =  cdc35 ,
 year = {1996},
 pages = {1663--1665},
 address = {Kobe, Japan},
 month = {December}
)


@INPROCEEDINGS(Hel:99,
 author = {A. Helmerson},
 title = {Parameter-dependent {L}yapunov functions based on linear fractional transformations},
 booktitle =  ifac99 ,
 year = {1999},
 pages = {537--542},
 address = {Beijing, P. R. China},
 month = {July}
)


@ARTICLE(IH:98,
 author = {T. Iwasaki and S. Hara},
 title = {Well-posedness of feedback systems: {I}nsights into exact robustness analysis and approximative computations},
 journal =  ieeetac ,
 year = "1998",
 volume = {43},
 number = {5},
 pages = {619--630},
 month = {May}
)

@ARTICLE(Iwa:96,
 author = {T. Iwasaki},
 title = {Robust performance analysis for systems with structured uncertainty},
 journal =  ijrnlc,
 year = "1996",
 volume = {6},
 OPTnumber = {},
 pages = {85--99},
 month = {March}
)


@INPROCEEDINGS(Sch:97,
 author = {C. W. Scherer},
 title = {A full block {S}-procedure with applications},
 booktitle =  cdc36 ,
 year = {1997},
 pages = {1510--1515},
 address = {San Diego, CA, USA},
 month = {December}
)


@ARTICLE(MR:97,
 author = {A. Megretski and A. Rantzer},
 title = {System analysis via integral quadratic constraints},
 journal =  ieeetac ,
 year = "1997",
 volume = {42},
 number = {6},
 pages = {819--830},
 month = {June}
)

@ARTICLE(IS:01,
 author = {T. Iwasaki and G. Shibata},
 title = {{LPV} system analysis with quadratic separator for 
uncertain implicit systems},
 journal =  ieeetac ,
 year = "2001",
 volume = {46},
 number = {8},
 pages = {1195--1208},
 month = {August}
)


@ARTICLE(PA:01,
 author = {D. Peaucelle and D. Arzelier},
 title = {Robust performance analysis with {LMI}-based methods for real parametric uncertainty via parameter-dependent {L}yapunov functions},
 journal =  ieeetac ,
 year = "2001",
 volume = {46},
 number = {4},
 pages = {624--630},
 month = {April}
)


@ARTICLE(DB:01,
 author = {J. Daafouz and J. Bernussou},
 title = {Parameter dependent {L}yapunov functions for
 discrete time systems with time varying parameter uncertainties},
 journal =  scl ,
 year = "2001",
 volume = {43},
 number = {5},
 pages = {355--359},
 month = {August}
)

@ARTICLE(Bla:95,
 author = "F. Blanchini",
 title = "Nonquadratic {L}yapunov functions for robust control",
 journal = aut ,
 year = "1995",
 volume = "31",
 number = "3",
 pages = "451--461",
 month = "March"
)

@ARTICLE(LG:90,
 author = "M. A. Leal and J. S. Gibson",
 title = "A first-order {L}yapunov robustness method for linear systems with uncertain
 parameters",
 journal = ieeetac ,
 year = "1990",
 volume = "35",
 pages = "1068--1070"
)

@ARTICLE(TdS:01,
 author = {A. Trofino and C. E. de{ }Souza},
 title = {Biquadratic stability of uncertain linear systems},
 journal =  ieeetac ,
 year = "2001",
 volume = {46},
 number = {8},
 pages = {1303--1307},
 month = {August}
)


@ARTICLE(ACMS:97,
 author = {F. Amato and M. Corless and M. Mattei and R. Setola},
 title = {A multivariable stability margin in the presence of time-varying bounded 
rated gains},
 journal =  ijrnlc ,
 year = "1997",
 volume = {7},
 pages = {127--143},
 month = {February}
)


@ARTICLE(DCAF:94,
 author = {S. Dasgupta and G. Chockalingam and B. D. O. Anderson and M. Fu},
 title = {Lyapunov functions for uncertain systems with applications to the stability of time varying systems},
 journal =  ieeetcsI,
 year = "1994",
 volume = {41},
 number = {2},
 pages = {93--106},
 month = {February}
)


@INPROCEEDINGS(BDeM:86,
 author = {B. R. Barmish and C. L. DeMarco},
 title = {A new method for improvement of robustness bounds for linear states equations},
 booktitle =  "Proceedings of the 1986 Conference on Information Science and Systems",
 year = {1986},
 pages = {115--120},
 address = {Princeton, NJ},
 )

@INCOLLECTION(ABP:02,
 author = "D. Arzelier and J. Bernussou and D. Peaucelle",
 title = "Fonctions de {L}yapunov {d\'{e}}pendent des 
          para{m\`{e}}tres pour {l'a}nalyse et la syn{th\`{e}}se
          robustes",
 booktitle = "Conception de Commandes Robustes",
 publisher = "Hermes",
 year = "2002",
 editor = "J. Bernussou and A. Oustaloup",
 pages = {189--227},
 chapter = {6},
 address = "Paris"
)

@ARTICLE(Sch:01,
 author = "C. W. Scherer",
 title = "{LPV} control and full block multipliers",
 journal = aut ,
 year = "2001",
 volume = "37",
 number = "3",
 pages = "361--375",
 month = "March"
)

@ARTICLE(AT:00,
 author = "P. Apkarian and H. D. Tuan",
 title = "Parametrized {LMIs} in control theory",
 journal = siamjco ,
 year = "2000",
 volume = "38",
 number = "4",
 pages = "1241--1264",
 month = "May"
)

@INCOLLECTION{FD:00,
  author = {M. Fu and S. Dasgupta},
  editor = {L. {El Ghaoui} and S. I. Niculescu},
  year = {2000},
  title = {Parametric {L}yapunov Functions for Uncertain Systems: The 
Multiplier Approach},
  booktitle = {Advances in Linear Matrix Inequality Methods in Control},
  edition = {},
  series ="Advances in Design and Control", 
  pages = {95--108},
  publisher = {SIAM},
  address = {Philadelphia, PA}
}

@ARTICLE(AHP:02,
 author = "D. Arzelier and D. Henrion and D. Peaucelle",
 title = "Robust {${\mathcal{D}}$}-stabilization of a polytope of matrices",
 journal = ijc ,
 year = "2002",
 volume = "75",
 number = "10",
 pages = "744--752",
 month = "July"
)

@ARTICLE{CGTV:03a,
	 author =	 "G. Chesi and A. Garulli and A. Tesi and A. Vicino",
	 title = 	"Homogeneous {L}yapunov functions for systems with structured uncertainties",
	 journal = 	 aut,
	 year = 	 "2003",
	 month = 	 "June",
	 volume = 	 "39",
	 number = 	 "6",
	 pages = 	 "1027--1035",
}

@ARTICLE{CGTV:04,
	 author =	 "G. Chesi and A. Garulli and A. Tesi and A. Vicino",
	 title = 	"Robust analysis of {LFR} systems through homogeneous polynomial {L}yapunov functions",
	 journal = 	 ieeetac,
	 year = 	 "2004",
	 month = 	 "July",
	 volume = 	 "49",
	 number = 	 "7",
	 pages = 	 "1211--1216",
}

@ARTICLE{LMdOORP:04,
	 author =	 "V. J. S. Leite and V. F. Montagner and 
			P. J. de{  }Oliveira and R. C. L. F. Oliveira
			and D. C. W. Ramos and P. L. D. Peres",
	 title = 	"Estabilidade robusta de sistemas lineares 
			através de desigualdades matriciais lineares",
	 journal = 	 sba,
	 year = 	 "2004",
	 month = 	 "Janeiro/Mar{\c{c}}o",
	 volume = 	 "15",
	 number = 	 "1",
	 pages = 	 "24--40",
}


@Article{Par:03b,
  author={P. A. Parrilo},
  title = {Semidefinite programming relaxations for
semialgebraic problems},
  journal = matproB,
  year = 	 "2003",
  volume = 	 "96",
  number = 	 "2",
  pages = 	 "293--320",
  OPTnote = "",
}

@INPROCEEDINGS(HAPL:04,
 author = "D. Henrion and D. Arzelier and D. Peaucelle and J. B. Lasserre",
 title = "On parameter-dependent {L}yapunov functions 
 for robust stability of linear systems",
 booktitle = cdc43,
 year = "2004",
 OPTvolume = " ",
 pages = "887--892",
 month = "December",
 address = "Paradise Island, Bahamas",
)

@article{Bli:04b,
   author = {P.-A. Bliman},
   title = {An existence result for polynomial solutions of parameter-dependent {LMI}s},
   journal = scl,
   volume = 51,
   number = {3-4},
   pages = {165--169},
   year = "2004",
   month = "March",
}

@ARTICLE{LMP:04,
 author = {V. J. S. Leite and V. F. Montagner and P. L. D. Peres},
 title = {Aloca\c{c}\~{a}o robusta de p\'{o}los atrav\'{e}s de realimenta\c{c}\~{a}o
 de estados dependente de par\^{a}metros},
 journal = sba,
 year = "2004",
 volume = "15",
 number= "2",
 pages = "127--134",
 month = "Abr/Mai/Jun",
}

@ARTICLE{HL:04,
 author = {D. Henrion and J. B. Lasserre},
 title = {Solving nonconvex optimization problems},
 journal = ieeecsm,
 year = "2004",
 volume = "24",
 number= "3",
 pages = "72--83",
 month = "June",
}

@ARTICLE{Sch:05,
  author =       {C. W. Scherer},
  title =        {Relaxations for robust linear matrix inequality problems with verifications for exactness},
  journal =      siammaa,
  year =         {2005},
  volume =       {27},
  number =       {2},
  pages =        {365--395},
  month = 	{June}, 
}


@Article{OP:05a,
author = {R. C. L. F. Oliveira and P. L. D. Peres},
title = {A simple and less conservative test for {D}-stability},
 journal = siammaa,
 year = "2005",
 volume = "26",
 number= "2",
 pages = "415--425",
 month = "January",
}

@INPROCEEDINGS(OP:05b,
 author = {R. C. L. F. Oliveira and P. L. D. Peres},
 title = {{${\mathcal{H}}_{\infty}$} guaranteed cost computation via 
 polynomially parameter-dependent {L}yapunov functions},
 booktitle = ifac05,
 year = {2005},
 address = {Prague, Czech Republic},
 month = {July},
)

@Article{OP:05c,
author = {R. C. L. F. Oliveira and P. L. D. Peres},
title = {Stability of polytopes of matrices via affine parameter-dependent {L}yapunov functions: 
{A}symptotically exact {LMI} conditions},
 journal = laa,
 year = "2005",
 volume = "405",
 number= " ",
 pages = "209--228",
 month = "August",
}

@Article{OP:06a,
author = {R. C. L. F. Oliveira and P. L. D. Peres},
title = {{LMI} conditions for robust stability analysis based on
polynomially parameter-dependent {L}yapunov functions},
 journal = scl,
 year = "2006",
 volume = "55",
 number= "1",
 pages = "52--61",
 month = "January",
}





@INPROCEEDINGS(EMH:05,
 author = {Y. Ebihara and K. Maeda and T. Hagiwara},
 title = {Robust {$\mathcal{D}$}-stability analysis of uncertain 
          polynomial matrices via polynomial-type multipliers},
 booktitle = ifac05,
 year = {2005},
 address = {Prague, Czech Republic},
 month = {July},
)

@INCOLLECTION{B-TEN:00,
  author = {A. Ben-Tal and L. {El Ghaoui} and A. Nemirovski},
  editor = {H. Wolkowics and R. Saigal and L. Vandenberghe},
  year = {2000},
  title = {Robustness},
  booktitle = {Handbook of Semidefinite Programming: Theory, Algorithms and Applications},
  edition = {},
  series ="International Series in Operations Research and Management Science", 
  pages = {139--162},
  publisher = {Kluwer Academic Press},
  address = {Boston, MA}
}

@ARTICLE{B-TN:98,
  author =       {A. Ben-Tal and A. Nemirovski},
  title =        {Robust convex optimization},
  journal =      {Mathematics of Operations Research},
  year =         {1998},
  volume =       {23},
  number=    {4},
  pages =        {769--805},
}

@INPROCEEDINGS{OP:05e,
author = {R. C. L. F. Oliveira and P. L. D. Peres},
title = {{LMI} conditions for the existence of polynomially 
	parameter-dependent {L}yapunov functions assuring robust stability},
 booktitle = cdc44-ecc05,
 year = "2005",
 address = {Seville, Spain},
 month = {December},
 pages = {1660--1665},
}

@INPROCEEDINGS{OLdOP:05,
author = {R. C. L. F. Oliveira and V. J. S. Leite and
M. C. de{  }Oliveira and P. L. D. Peres},
title = {An {LMI} characterization of polynomial parameter-dependent 
         {L}yapunov functions for robust stability},
 booktitle = cdc44-ecc05,
 year = "2005",
 address = {Seville, Spain},
 month = {December},
 pages = {5024--5029},
}

@INPROCEEDINGS{EPAH:05,
author = {Y. Ebihara and D. Peaucelle  and D. Arzelier and T. Hagiwara},
title = {Robust performance analysis of linear time-invariant 
uncertain systems by taking higher-order time-derivatives of the state},
 booktitle = cdc44-ecc05,
 year = "2005",
 address = {Seville, Spain},
 month = {December},
 pages = {5030--5035},
}


@ARTICLE{CGTV:05b,
     author =    "G. Chesi and A. Garulli and A. Tesi and A. Vicino ",
     title =     "Polynomially parameter-dependent {L}yapunov functions for
robust stability of polytopic systems: {A}n {LMI} approach ",
     journal =   ieeetac,
     month =     "March",
     year =      "2005",
     volume =    "50",
     number =    "3",
     pages =     "365--370",
}

@INPROCEEDINGS(CGTV:04b,
     author =    "G. Chesi and A. Garulli and A. Tesi and A. Vicino",
     title =    "Parameter-dependent homogeneous {L}yapunov functions for robust stability
     of linear time-varying systems",
 booktitle =  cdc43,
 year = "2004",
 OPTvolume = " ",
 pages = "4095--4100",
 address = "Paradise Island, Bahamas",
 month = "December"
)

@ARTICLE{CGTV:07,
     author =    "G. Chesi and A. Garulli and A. Tesi and A. Vicino",
     title =    "Robust stability of time-varying polytopic systems via parameter-dependent homogeneous {L}yapunov functions",
     journal =   aut,
     month =     "February",
     year =      "2007",
     volume =    "43",
     number =    "2",
     pages =     "309--316",
}

@article{GC:06a,
   author = {J. C. Geromel and P. Colaneri},
   title = {Robust stability of time varying polytopic systems},
 journal = scl,
 year = "2006",
 volume = "55",
 number= "1",
 pages = "81--85",
 month = "January",
}

@ARTICLE{GC:06b,
 AUTHOR =       {J. C. Geromel and P. Colaneri},
 TITLE =        {Stability and stabilization of discrete time switched systems},
 JOURNAL =      ijc,
 YEAR =         {2006},
 volume =       {79},
 number =       {7},
 pages =        {719--728},
 month =        {July},
}


@ARTICLE{GC:06c,
 AUTHOR =       {J. C. Geromel and P. Colaneri},
 TITLE =        {Stability and stabilization of continuous-time switched systems},
 JOURNAL =      siamjco,
 YEAR =         {2006},
 volume =       {45},
 number =       {5},
 pages =        {1915--1930},
} 

@Inproceedings{HS:05,
        author={C. W. J. Hol and C. W. Scherer},
        title={Sum of squares relaxations for robust polynomial
semi-definite programs},
 booktitle = ifac05,
 year = {2005},
 address = {Prague, Czech Republic},
 month = {July},
}

@INPROCEEDINGS(dSTdO:00,
 author = {C. E. de{ }Souza and A. Trofino and J. de{  }Oliveira},
 title = {Robust
{${\mathcal{H}}_{\infty}$} control of uncertain linear systems via
parameter-dependent {L}yapunov functions},
 booktitle =  cdc39,
 year = {2000},
 pages = {3194--3199},
 address = {Sydney, Australia},
 month = {December}
)


@ARTICLE{EH:05,
  author =       {Y. Ebihara and T. Hagiwara},
  title =        {A dilated {LMI} approach to robust performance analysis of linear time-invariant uncertain systems},
  journal =      aut,
  year =         {2005},
  volume =       {41},
  number = 	{11},
  pages =        {1933--1941},
}

@ARTICLE{SH:06,
  author =       {C. W. Scherer and C. W. J. Hol},
  title =        {Matrix sum-of-squares relaxations for robust semi-definite programs},
  journal =      matproB,
  volume = 	{107},
  number =  	{1--2}, 
  pages = 	{189--211},
  month = 	{June}, 
  year = 	{2006},
}

@ARTICLE{Sch:06,
  author =       {C. W. Scherer},
  title =        {{LMI} relaxations in robust control},
  journal =      ejc,
  year =         {2006},
  volume =       {12},
  number =       {1},
  pages =        {3--29},
  month =        {January--February},
}

@ARTICLE{dLS:96,
  author =       {J. A. de Loera and F. Santos},
  title =        {An effective version of {P}\'{o}lya's {T}heorem on positive definite forms},
  journal =      jpaa,
  year =         {1996},
  volume =       {108},
  pages =        {231--240},
}

@Inproceedings{TB:04,
        author={P. Tsiotras and P.-A. Bliman},
        title={An exact stability analysis test for single-parameter polynomially-dependent linear systems},
        booktitle=cdc43,
        year={2004},
        month={December},
        volume={1},
        address={Paradise Island, Bahamas},
        pages = {1337--1340}
}

@BOOK{NW:78,
  author =       {A. Nijenhuis and H. S. Wilf},
  title =        {Combinatorial Algorithms},
  publisher =    {Academic Press},
  year =         {1978},
  address =      {New York},
}

@ARTICLE{dOG:05,
  author =       {M. C. de{  }Oliveira and J. C. Geromel},
  title =        {A class of robust stability conditions where linear parameter dependence of the {L}yapunov 
                  function is a necessary condition for arbitrary parameter dependence},
  journal =      scl,
  year =         {2005},
  volume =       {54},
  pages =        {1131--1134},
  month = 	{November},
}

@Inproceedings{CGTV:05c,
        author={G. Chesi and A. Garulli and A. Tesi and A. Vicino},
        title={Polynomially parameter-dependent {L}yapunov functions for robust {${\mathcal{H}}_\infty$} 
	performance analysis},
        booktitle=ifac05, 
 	year = {2005},
 	address = {Prague, Czech Republic},
 	month = {July},
}

@INPROCEEDINGS(MKS:98,
    author={I. Masubuchi and A. Kume and E. Shimemura},
    title = {Spline-type solution to parameter-dependent {LMIs}},
    booktitle =  cdc37,
    year = {1998},
    pages = {1753--1758},
    address = {Tampa, FL, USA},
    month = {December},
)
@INPROCEEDINGS(Mas:99,
    author={I. Masubuchi},
    title = {An exact solution to parameter-dependent convex differential inequalities},
    booktitle =  ecc99,
    year = {1999},
    address = {Karlsruhe, Germany},
    month = {August},
)

@INPROCEEDINGS(MAS:03,
    author={I. Masubuchi and T. Akiyama and M. Saeki},
    title = {Synthesis of output feedback gain-scheduling controllers 
    	based on descriptor {LPV} system representation},
    booktitle =  cdc42,
    year = {2003},
    pages = {6115--6120},
    address = {Maui, HI, USA},
    month = {December},
)

@ARTICLE{Che:05,
  AUTHOR =       {G. Chesi},
  TITLE =        {Establishing stability and instability of matrix hypercubes},
  JOURNAL =      scl,
  YEAR =         {2005},
  volume =       {54},
  number =       {4},
  pages =        {381--388},
  month = 	{April},
}


@INPROCEEDINGS(BOMP:06b,
 author = {P.-A. Bliman and R. C. L. F. Oliveira and V. F. Montagner and P. L. D. Peres},
 title = {Existence of homogeneous polynomial solutions for
parameter-dependent linear matrix inequalities with
parameters in the simplex},
 booktitle = cdc45,
 year = {2006},
 pages = {1486--1491},
 address = {San Diego, CA, USA},
 month = {December}
)

@INPROCEEDINGS(OdOP:06b,
 author = {R. C. L. F. Oliveira and M. C. de{  }Oliveira and P. L. D. Peres},
 title = {{LMI} relaxations for robust {${\mathcal{H}}_{2}$} performance analysis of polytopic linear systems},
 booktitle = cdc45,
 year = {2006},
 pages = {2907--2912},
 address = {San Diego, CA, USA},
 month = {December},
)

@INPROCEEDINGS(OdOP:06a,
 author = {R. C. L. F. Oliveira and M. C. de{  }Oliveira and P. L. D. Peres},
 title = {Relaxa{\c{c}\~{o}es} {LMI} para an{\'{a}}lise de desempenho {${\mathcal{H}}_{2}$} em sistemas lineares polit\'{o}picos},
 booktitle = cba06,
 year = {2006},
 pages = {1139--1144},
 address = {Salvador, BA, Brasil},
 month = {October},
 note = "In Portuguese",
)

@INPROCEEDINGS{EPAH:06,
author = {Y. Ebihara and D. Peaucelle  and D. Arzelier and T. Hagiwara},
title = {Robust {$\mathcal{H}_2$} performance analysis of uncertain {LTI} systems via polynomially parameter-dependent {L}yapunov functions},
 booktitle = rocond06,
 year = "2006",
 address = {Toulouse, France},
 month = {July},
}

@ARTICLE{GPTM:06,
  AUTHOR =       {E. N. Gon{\c{c}}alves and R. M. Palhares and R. H. C. Takahashi and R. C. Mesquita},
  TITLE =        {New approach to robust {$\mathcal{D}$}-stability analysis of linear time-invariant systems with polytope-bounded uncertainty},
  JOURNAL =      ieeetac,
  YEAR =         {2006},
  volume =       {51},
  number =       {10},
  pages =        {1709--1714},
  month =        {October},
}

@INPROCEEDINGS{OP:06b,
author = {R. C. L. F. Oliveira and P. L. D. Peres},
title = {{LMI} relaxations for homogeneous polynomial solutions of parameter-dependent {LMI}s},
 booktitle = rocond06,
 year = "2006",
 address = {Toulouse, France},
 month = {July},
}


@INPROCEEDINGS{OdOP:07a,
author = {R. C. L. F. Oliveira and M. C. de{  }Oliveira and P. L. D. Peres},
title = {Parameter-dependent {L}yapunov functions for robust 
         stability analysis of time-varying systems in polytopic domains},
 booktitle = acc07,
 pages= {6079--6084},
 year = "2007",
 address = {New York, NY, USA},
 month = {July},
}

@INPROCEEDINGS{PEAH:06,
    author = {D. Peaucelle and  Y. Ebihara and D. Arzelier and T. Hagiwara},
    title = {General polynomial parameter-dependent {L}yapunov functions for polytopic uncertain systems},
    booktitle = mtns06,
    year = "2006",
    address = {Kyoto, Japan},
    month = {July},
    pages = {2238--2242}
}



@Article{OP:07a,
author = {R. C. L. F. Oliveira and P. L. D. Peres},
title = {Parameter-dependent {LMI}s in robust analysis: {C}haracterization of
homogeneous polynomially parameter-dependent solutions via {LMI} relaxations},
 journal = ieeetac,
 year = "2007",
 volume = "52",
 number= "7",
 pages = "1334--1340",
 month = "July",
}

@INPROCEEDINGS{Che:05b,
 author = {G. Chesi},
 title = {Characterizing the positive polynomials which are not {SOS}},
 booktitle = cdc44-ecc05,
 year = "2005",
 address = {Seville, Spain},
 month = {December},
 pages = {1642--1647},
}

@INPROCEEDINGS{GK:06a,
    author = {J. C. Geromel and R. H. Korogui},
    title = {Matrix quadratic polynomials with application to robust stability analysis},
    booktitle = rocond06,
    year = "2006",
    address = {Toulouse, France},
    month = {July},
}

@ARTICLE{GK:06b,
 AUTHOR =       {J. C. Geromel and R. H. Korogui},
 TITLE =        {Analysis and synthesis of robust control systems using linear parameter dependent {L}yapunov functions},
 JOURNAL =      ieeetac,
 YEAR =         {2006},
 volume =       {51},
 number =       {12},
 pages =        {1984--1989},
 month =        {December},
} 

@INPROCEEDINGS{MOP:06a,
 author = "V. F. Montagner and R. C. L. F. Oliveira and P. L. D. Peres",
 title = "Robust stability of linear time-varying polytopic systems through polynomially
 parameter-dependent {L}yapunov functions",
 booktitle = rocond06,
 year = "2006",
 address = "Toulouse, France",
 month = "July",
}

@INPROCEEDINGS{OdOPB:07,
 author = {R. C. L. F. Oliveira and M. C. de{  }Oliveira and P. L. D. Peres and P.-A. Bliman},
 title = {Asymptotically exact {$\mathcal{H}_2$} guaranteed cost computation 
	by means of a special parameter-dependent {L}yapunov function},
 booktitle = cdc46,
 year = "2007",
 address = {New Orleans, LA},
 month = {December},
 pages = {2737--2742},
}

@INPROCEEDINGS{Ois:07b,
  AUTHOR =       {Y. Oishi},
  TITLE =        {Asymptotic Exactness of parameter-dependent {L}yapunov functions: {A}n error bound and exactness verification},
  BOOKTITLE =    cdc46,
  YEAR =         {2007},
  pages =        {5666--5671},
  address =      {New Orleans, LA, USA},
  month =        {December},
}

@ARTICLE{OdOP:08,
    author={R. C. L. F. Oliveira and M. C. de{ }Oliveira and P. L. D. Peres},
    title={Convergent {LMI} relaxations for robust analysis of uncertain linear 
    systems using lifted polynomial parameter-dependent {L}yapunov functions},
    journal =      scl,
    year =         "2008",
    volume = {57},
    number = {8},
    month = {August},
    pages = {680--689},
}

@INPROCEEDINGS{Sat:05b,
    author = {M. Sato},
    title = {Performance analysis of {LPV} systems using higher-order {L}yapunov functions},
    booktitle =  ifac05,
    year = {2005},
    address = {Prague, Czech Republic},
    month = {July},
}

@ARTICLE{JR:96,
	 title = 	{Systems with uncertain parameters --- {T}ime-variations with bounded derivatives},
	 author =	 {U. J\"{o}nsson and A. Rantzer},
	 journal = 	 ijrnlc,
	 volume = 	 {6},
	 number = 	 {9-10},
	 pages = 	 {969--982},
	 year = 	 {1996},
}

@INPROCEEDINGS{KS:06,
  AUTHOR =       {H. K\"{o}ro\u{g}lu  and C. W. Scherer},
  TITLE =        {Robust stability analysis against perturbations of smoothly time-varying parameters},
  BOOKTITLE =    cdc45,
  YEAR =         {2006},
  address =      {San Diego, CA, USA},
  pages =	     {2895--2899},
  month =        {December},
  }

@ARTICLE{B-TN:08,
 author = {A. {Ben-Tal} and A. Nemirovski},
 title = {Selected topics in robust convex optimization},
 journal = matproB,
 volume = {112},
 number = {1},
 year = {2008},
 month = {March},
 pages = {125--158},
}

@ARTICLE{Ois:07a,
 author = {Y. Oishi},
 title = {Polynomial-time algorithms for probabilistic solutions of parameter-dependent linear matrix inequalities},
 journal = aut,
 volume = {43},
 number = {3},
 year = {2007},
 month = {March},
 pages = {538--545},
}

@ARTICLE{Las:07,
 author = {J. B. Lasserre},
 title = {A sum of squares approximation of nonnegative polynomials},
 journal = {SIAM Review},
 volume = {49},
 number = {4},
 year = {2007},
 month = {March},
 pages = {651--669},
}


@ARTICLE{dOOP:08,
    author={M. C. de{ }Oliveira and R. C. L. F. Oliveira and  P. L. D. Peres},
    title={Robust {${\mathcal{H}}_{\infty}$} performance using lifted polynomial
  parameter-dependent {L}yapunov functions},
    journal =      ijc,
    year =         "2008",
    volume = {81},
    number = {7},
    month = {July},
    pages = {1089--1101},
}

@ARTICLE{OP:08b,
   author={R. C. L. F. Oliveira and P. L. D. Peres},
   title={A convex optimization procedure to compute {${\mathcal{H}}_{2}$} and {${\mathcal{H}}_{\infty}$} norms for uncertain linear systems in polytopic domains},
   journal =      ocam,
   year =     {2008},
   volume = {29},
   number = {4},
   month = {July/August},
   pages = {295--312},
  } 

@Article{LA:08,
   author = {J. Lavaei and A. G. Aghdam},
   title = {Robust stability of {LTI} systems over semialgebraic sets using sum-of-squares matrix polynomials},
   journal = ieeetac,
   year = {2008},
   volume = {53},
   number = {1},
   pages = {417--423},
   month = {February},
}

@article{Che:08,
author = "G. Chesi",
title = "On the non-conservatism of a novel {LMI} relaxation for robust analysis of polytopic systems",
journal = aut,
volume = "44",
number = "11",
pages = "2973--2976",
year = "2008",
}

@Article{OdOP:09,
author = {R. C. L. F. Oliveira and M. C. de{ }Oliveira and P. L. D. Peres},
title = {A special time-varying {L}yapunov function for robust stability analysis of {LPV} systems with bounded parameter variation},
journal = ietcta,
year = {2009},
volume = {3},
number = {10},
pages = {1448--1461},
month = {October},
}

@article{Che:10a,
author = "G. Chesi",
title = "Robust stability of time-varying uncertain systems with rational dependence on the uncertainty",
journal = ieeetac,
volume = "55",
number = "10",
pages = "2353--2357",
year = "2010",
}

@article{Che:13a,
author = "G. Chesi",
title = "Sufficient and necessary {LMI} conditions for robust stability of rationally time-varying uncertain systems",
journal = ieeetac,
volume = "58",
number = "6",
pages = "1546--1551",
year = "2013",
}


@INPROCEEDINGS{OBP:08a,
  AUTHOR =       {R. C. L. F. Oliveira and P.-A. Bliman and P. L. D. Peres},
  TITLE =        {{LMI}s robustas com pa{r\^{a}}metros em um multi-simplex: {E}xis{t\^{e}n}cia de solu{\c{c}\~{o}es} e aplica{\c{c}\~{o}es} em estabilidade de sistemas lineares},
 booktitle = cba08,
 year = {2008},
 address = {Juiz de Fora, MG, Brasil},
 month = {September},
}

@INPROCEEDINGS{OBP:08b,
  AUTHOR =       {R. C. L. F. Oliveira and P.-A. Bliman and P. L. D. Peres},
  TITLE =        {Robust {LMI}s with parameters in multi-simplex: {E}xistence of solutions and applications},
  BOOKTITLE =    cdc47,
  YEAR =         {2008},
  address =      {Cancun, Mexico},
  month =        {December},
  pages =        {2226--2231},
}

@INPROCEEDINGS{STF:01,
  AUTHOR =       {T. Shimomura and M. Takahashi and T. Fujii},
  TITLE =        {Extended-space control design with parameter-dependent {L}yapunov functions},
  BOOKTITLE =    cdc40,
  YEAR =         {2001},
 address = "Orlando, FL, USA",
  month =        {December},
  pages =        {2157--2162},
}


@ARTICLE{Che:07,
  AUTHOR =       "G. Chesi",
  TITLE =        "Establishing tightness in robust {$\mathcal{H}_\infty$} analysis via homogeneous parameter-dependent {L}yapunov functions",
  JOURNAL =      aut,
  YEAR =         "2007",
  volume =       "43",
  number =       "11",
  pages =        "1992--1995",
  month = 	"November",
}


@BOOK{CGTV:09,
 title = "Homogeneous Polynomial Forms for Robustness Analysis of Uncertain Systems",  
 publisher={Springer-Verlag},
 volume={390},
 address={Berlin, Germany},
 year = "2009",
 author = "G. Chesi and A. Garulli and A. Tesi and A. Vicino",
 series = "Lecture Notes in Control and Information Sciences",
}

@ARTICLE(DWH:07,
  author =       "Z. Duan and  J. Wang and  L. Huang",
  title =   {Parameter-dependent {L}yapunov function method for a class of uncertain nonlinear systems with multiple equilibria},
  journal =      cssp,
  year =         "2007",
  volume =       "26",
  number =       "2",
  month=   "July", 
  pages =        "147--164",
)

@article{EH:06,
author  = "Y. Ebihara and T. Hagiwara",
title = "On the degree of polynomial parameter-dependent {L}yapunov functions for robust 
stability of single parameter-dependent {LTI} systems: {A} counter-example to {B}armish's conjecture",
journal = aut,
volume = "42",
number = "9",
pages = "1599--1603",
year = "2006",
month = "September",
}

@article{MP:11,
	author = "L. A. Mozelli and R. M. Palhares",
	title = "Stability analysis of linear time-varying systems: {I}mproving conditions by adding more information about parameter variation",
	journal = scl,
	volume = "60",
	number = "5",
	pages = "338--343",
	year = "2011",
}

@INPROCEEDINGS{BOdOP:18a,
  AUTHOR =       {A. L. J. Bertolin and R. C. L. F. Oliveira and M. C. de{ }Oliveira and P. L. D. Peres},
  TITLE =        {{LMI}-based stability tests for LPV and switched discrete-time linear systems through redundant equations},
  BOOKTITLE =    rocond-lpvs18,
  YEAR =         {2018},
 address = "Florianopolis, Brazil",
  month =        {September},
  OPTpages =        { },
  note = {To appear.},
}
