%
% As macros para os nomes de jornais e congressos estao
% no arquivo listacompleta.bib. Novos nomes devem ser
% incluidos la. Pedro, 10.11.2003
%


@article{KB:97,
   author = {L. H. Keel and S. P. Bhattacharyya},
   title = {Robust, fragile, or optimal?},
   journal =ieeetac,
   volume = {42},
   number = {8},
   pages = {1098--1105},
   year = {1997}
}


@article{KB:98b,
   author = {L. H. Keel and S. P. Bhattacharyya},
   title = {Comments on ``{R}obust, fragile, or optimal?'' ---
{A}uthors' reply},
   journal =ieeetac,
   volume = {43},
   number = {9},
   pages = {1268--1268},
   year = {1998}
}

@article{Mak:98,
   author = {P. M. M\"{a}kil\"{a}},
   title = {Comments on ``{R}obust, fragile, or optimal?''},
   journal =ieeetac,
   volume = {43},
   number = {9},
   pages = {1265--1267},
   year = {1998}
}

@article{LSG:92,
   author = {K. Liu and R. E. Skelton and K. Grigoriadis},
   title = {Optimal controllers for finite wordlength implementation},
   journal =ieeetac,
   volume = {37},
   number = {9},
   pages = {1294--1304},
   year = {1992}
}




@Inproceedings{KB:98,
	author={L. H. Keel and S. P. Bhattacharyya},
	title={Stability margins and digital 
        implementation of controllers},
	booktitle=acc98,
	volume={},
	address={Philadelphia, PA},
	pages={2852--2856},
	year={1998},
	month={June},
        note={}     
}

@Inproceedings{JAFD:98,
	author={A. Jadbabaie and C. T. Abdallah and
	D. Famularo and P. Dorato},
	title={Robust, non-fragile and optimal controller
	design via linear matrix inequalities},
	booktitle=acc98,
	volume={},
	address={Philadelphia, PA},
	pages={2842--2846},
	year={1998},
	month={June},
        note={}     
}

@Inproceedings{YT:98,
	author={Y. Yang and A. L. Tits},
	title={Generic pole assignment may produces very
        fragile designs},
	booktitle=cdc37,
	volume={},
	address={Tampa, FL},
	pages={1745--1746},
	year={1998},
	month={December},
        note={}     
}

@Inproceedings{Dor:98,
	author={P. Dorato},
	title={Non-fragile controller design: an overview},
	booktitle=acc98,
	volume={},
	address={Philadelphia, PA},
	pages={2829--2831},
	year={1998},
	month={June},
        note={}     
}

@Inproceedings{KA:98,
	author={D. Kaesbauer and J. Ackermann},
	title={How to escape from the fragility trap},
	booktitle=acc98,
	volume={},
	address={Philadelphia, PA},
	pages={2832--2836},
	year={1998},
	month={June},
        note={}     
}

@Inproceedings{BCT:98,
	author={F. Blanchini and R. Lo Cigno and R. Tempo},
	title={Control of {ATM} networks: fragility and 
	robustness issues},
	booktitle=acc98,
	volume={},
	address={Philadelphia, PA},
	pages={2847--2851},
	year={1998},
	month={June},
        note={}     
}

@Inproceedings{HC:98,
	author={W. H. Haddad and J. R. Corrado},
	title={Robust resilient dynamic controllers for
	systems with parametric uncertainty and controller
	gain variations},
	booktitle=acc98,
	volume={},
	address={Philadelphia, PA},
	pages={2837--2841},
	year={1998},
	month={June},
        note={}     
}

@Inproceedings{FAJDH:98,
	author={D. Famularo and C. T. Abdallah and A. Jadbabaie
	and P. Dorato and W. H. Haddad},
	title={Robust non-fragile {LQ} controllers: the static
	state feedback case},
	booktitle=acc98,
	volume={},
	address={Philadelphia, PA},
	pages={1109--1113},
	year={1998},
	month={June},
        note={}     
}

@Inproceedings{ACGB:93,
	author={P. Apkarian and J. Chretien and P. Gahinet and J. Biannic},
	title={{$\mu$} synthesis by {$D$-$K$} iterations 
	with constant scaling},
	booktitle=acc93,
	year={1993},
	month={June},
	volume={},
        number={},
        address={San Francisco, CA},
	pages={3192--3196},
}

@Inproceedings{BB:97,
	author={P. A. Blue and S. S. Banda},
	title={{$D$-$K$} iteration with optimal scales for systems with time-varying and time-invariant uncertainties},
	booktitle=acc97,
	year={1997},
	month={June},
	volume={6},
        OPTnumber={},
        address={Albuquerque, NM},
	pages={3967--3971},
}


@article{TS:99,
   author = {H. Tanaka and T. Sugie},
   title = {New characterization of fixed-order controllers based on {LMI}},
   journal =ijc,
   volume = {72},
   number = {1},
   pages = {58--74},
   year = {1999}
}


@article{FDAHJ:00,
   author = {D. Famularo and P. Dorato and C. T. Abdallah and W.
   M. Haddad and A. Jadbabaie},
   title = {Robust non-fragile {LQ} controllers: the static state  
    feedback case},
   journal =ijc,
   volume = {73},
   number = {2},
   pages = {159--165},
   year = {2000}
}

@Inproceedings{TDPP:00,
	author={R. H. C. Takahashi and D. A. Dutra and
                R. M. Palhares and P. L. D. Peres},
	title={On robust non-fragile static state-feedback 
               controller synthesis},
	booktitle=cdc39,
	volume={1},
	address={Sydney, AUS},
	pages={4909--4914},
	year={2000},
	month={December},
        OPTnote={}     
}
