%
% As macros para os nomes de jornais e congressos estao
% no arquivo listacompleta.bib. Novos nomes devem ser
% incluidos la. Pedro, 10.11.2003
%

%
% As macros para os nomes de jornais e congressos estao
% no arquivo listacompleta.bib. Novos nomes devem ser
% incluidos la. Pedro, 10.11.2003
%

%%%%%%%%%%%%%%%%%%%%%%%%%%    REFERENCIAS BIBLIOGRAFICAS   %%%%%%%%%%%%%%%%%%%%

@book{AM:89,
	author={B. D. O. Anderson and J. B. Moore},
	title={Optimal Control: Linear Quadratic Methods},
	publisher={Prentice-Hall International, Inc.},
	year={1989},
	address={USA},
}


@Inproceedings{FP:90,
	author={K. Furuta and S. Phoojaruenchanachai},
	title={{An algebraic approach to discrete-time {${\mathcal{H}}_\infty$} control problems}},
	booktitle=acc90,
	OPTvolume={},
	address={San Diego, USA},
	pages={3067--3072},
	year={1990}
}






@ARTICLE(GPS:95,
	author = {J. C. Geromel and P. L. D. Peres and S. R. Souza},
  	title = {A convex approach to the mixed {${\mathcal{H}}_{2}$}/{${\mathcal{H}}_{\infty}$} control problem for
  	discrete-time uncertain systems},
   	journal = siamjco,
   	year = {1995},
     	volume = {33},
      	number = {6},
       	month={November},
        pages = {1816--1833}
)

@article{GTOP:89,
	author={D. W. Gu and M. C. Tsai and  S. D. O'Young and I. Postlethwaites},
	title={{State-space formulae for discrete-time {${\mathcal{H}}_\infty$} optimization}},
	journal=ijc,
	year={1989},
	volume={49},
	number={5},
	pages={1683--1723},
}




@article{KKR:93,
	author={I. Kaminer and P. P. Khargonekar and M. A. Rotea},
	title={Mixed {${\mathcal{H}}_2$}/{${\mathcal{H}}_\infty$} control for discrete-time systems via convex 
	optimization},
	journal=aut,
	year={1993},
	volume={29},
	number={1},
	pages={57--70},
	month={January},
}

@Inproceedings{LGW:89,
	author={D. J. N. Limebeer and M. Green and D. Walker},
	title={Discrete time {${\mathcal{H}}_\infty$} control},
	booktitle=cdc28,
	OPTvolume={},
	address={Tampa, USA},
	pages={392--396},
	year={1989}
}

@Article{Mo:75,
  author = 	 "B. P. Molinari",
  title = 	 {The stabilizing solution of the discrete algebraic {R}iccati equation},
  journal = 	 ieeetac,
  year = 	 "1975",  
  Optnumber = 	 "",
  pages = 	 "396--399",
  Optvolume = 	 "",

}

@Article{PLS:80,
  author = 	 "T. Pappas and A. J. Laub and N. R. Sandel, Jr",
  title = 	 {On the numerical solution of the discrete-time algebraic {R}iccati equation},
  journal = 	 ieeetac,
  year = 	 "1980",
  volume = 	 "25",
  number = 	 "4",
  pages = 	 "631--641",
}




@MastersThesis{Ram:98,
  author =       "D. C. W. Ramos",
  title =        {{Estudo de Sistemas Lineares 
Discretos Incertos atrav\'{e}s de Desigualdades Matriciais Lineares}},
  school =       "Universidade Estadual de Campinas",
  year =         "1998",
  address =      {{Campinas}, SP, Brazil},
  OPTcrossref =  "",
  OPTkey =       "",
  month =        "February",
  OPTtype =      "",
  note =         "In Portuguese",
  OPTannote =    ""
}


@Inproceedings{RPP:96,
	author={D. C. W. Ramos and R. M. Palhares and P. L. D. Peres},
	title={{Caracteriza\c{c}\~{a}o de controladores {${\mathcal{H}}_2$} e {${\mathcal{H}}_\infty$} 
para sistemas discretos por desigualdades matriciais lineares}},
	booktitle=cba96,
	volume={1},
	address={S\~{a}o Paulo, SP},
	pages={61--66},
	month={Setembro},
	year={1996}
}

@Inproceedings{PRP:96,
	author={R. M. Palhares and D. C. W. Ramos and P. L. D. Peres},
	title={{Alternative LMIs characterization of ${\cal H}_{2}$ and
central ${\cal H}_{\infty}$ discrete-time controllers}},
	booktitle=cdc35,
	volume={2},
	address={Kobe, Japan},
	pages={1495--1496},
	year={1996}
}

@Inproceedings{RCPP:97,
	author={D. C. W. Ramos and C. E. C\^{a}mara and P. L. D. Peres and 
R. Palazzo~Jr.},
	title={{Considera\c{c}\~{o}es sobre a realimenta\c{c}\~{a}o
de estados em codificadores convolucionais com aplica\c{c}\~{o}es
em codifica\c{c}\~{a}o e criptografia}},
	booktitle={{Anais do XV Simp\'{o}sio Brasileiro de Telecomunica\c{c}\~{o}es}},
	volume={1},
	address={Recife, PE},
	pages={258--262},
	month={Setembro},
	year={1997}
}




@Article{vZPS:97,
  author = 	 "F. J. Von{ }Zuben and P. L. D. Peres and S. R. Souza",
  title = 	 {A linear optimization approach to mixed {${\mathcal H}_{2}$/${\mathcal H}_{\infty}$} control
for discrete-time uncertain systems},
  journal = 	 sba,
  year = 	 "1997",
  volume = 	 "8",
  number = 	 "3",
  pages = 	 "113--120",
  month=	"Setembro/Dezembro", 
}


@ARTICLE(BH:89,
 author = "D. S. Bernstein and W. M. Haddad",
 title = {{LQG} control with an {${\mathcal{H}}_{\infty}$} performance bound: a {R}iccati equation approach},
 journal = ieeetac,
 year = "1989",
 volume = "34",
 number = "3",
 pages = "293--305",
 month = "March",
 OPTnote = "",
 OPTannote = ""
)


@ARTICLE(DGKF:89,
 author = "J. C. Doyle and K. Glover and P. P. Khargonekar and	B. Francis",
 title = {State space solutions to the standard {${\mathcal{H}}_{2}$} and {${\mathcal{H}}_{\infty}$} control problems},
 journal = ieeetac,
 year = "1989",
 volume = "34",
 pages = "831--847",
 number = "8",
 month = "August",
 OPTnote = "",
 OPTannote = ""
)

@ARTICLE(FD:87,
 author = {B. A. Francis and J. C. Doyle},
 title = {Linear control theory with an {$H_{\infty}$} optimality criterion},
 journal = siamjco,
 year = {1987},
 volume = {25},
 number = {4},
 month = {July},
 pages = {815--844}
)

@ARTICLE(GA:94,
 author = "P. Gahinet and P. Apkarian",
 title = {A linear matrix inequality approach to {${\mathcal{H}}_{\infty}$} control},
 journal = ijrnlc,
 year = "1994",
 volume = "4",
 pages = "421--448",
 number = "4",
 month = "July-August",
 OPTnote = "",
 OPTannote = ""
)

@ARTICLE(Glo:84,
 author = {K. Glover},
 title = {All optimal {H}ankel-norm approximations oflinear multivariable systems and their ${\bf L_{\infty}}$-error bounds},
 journal = ijc,
 year = {1984},
 volume = {39},
 pages = {1115--1193},
 number = "6",
 OPTmonth = {},
)

@ARTICLE(GPS:94,
 author = {J. C. Geromel and P. L. D. Peres and S. R. Souza},
 title = {{${\mathcal{H}}_{\infty}$} guaranteed cost control for 
uncertain discrete-time linear systems},
 journal = ieeetac,
 year = {1994},
 volume = {39},
 number = {5},
 month={May},
 pages = {1072--1075}
)



@ARTICLE(HK:97,
 author = "W. M. Haddad and V. Kapila and D. S. Bernstein",
 title = {Robust, reduced-order modeling for state-space systems via 
parameter-dependent bounding functions},
 journal = ieeetac,
 year = "1997",
 volume = "42",
 number = "2",
 pages = "248--253",
 month = "February",
 OPTnote = "",
 OPTannote = ""
)

@ARTICLE(HKB:97,
 author = "W. M. Haddad and V. Kapila and D. S. Bernstein",
 title = {{Robust ${\mathcal{H}}_{\infty}$} stabilization via parameterized {L}yapunov bounds},
 journal = ieeetac,
 year = "1997",
 volume = "42",
 number = "2",
 pages = "243--248",
 month = "February",
 OPTnote = "",
 OPTannote = ""
)

@ARTICLE(IG:91,
 author = {P. A. Iglesias and K. Glover},
 title = {State space approach to discrete-time {${\mathcal{H}}_{\infty}$} control},
 journal = ijc,
 year = {1991},
 volume = {54},
 number={5},
 month={November},
 pages = {1031--1073}
)


@ARTICLE(KPR:88,
 author = {P. P. Khargonekar and I. R. Petersen and M. A. Rotea},
 title = {{$H_{\infty}$}-optimal control with state-feedback},
 journal = ieeetac,
 year = {1988},
 volume = {33},
 number = {8},
 pages = {786--788}
)

@ARTICLE(KPZ:90,
 author = {P. P. Khargonekar and I. R. Petersen and K. Zhou},
 title = {Robust stabilization of uncertain linear systems: quadratic stabilizability and {${\mathcal{H}}_{\infty}$} control theory},
 journal = ieeetac,
 year = {1990},
 volume = {35},
 number = {3},
 month={March},
 pages = {356--361}
)

@ARTICLE(KR:91,
 author = {P. P. Khargonekar and M. A. Rotea},
 title = {Mixed {${\mathcal{H}}_{2}$/${\mathcal{H}}_{\infty}$} control: a convex optimization approach},
 journal = ieeetac,
 year = {1991},
 volume = {36},
 number = {7},
 pages = {824--837},
 month = "July"
)

@ARTICLE(PB:93,
 author = {Z. Pan and T. Ba\c{s}ar},
 title = {{${\mathcal{H}}_{\infty}$} optimal control for singularly perturbed systems. {P}art I: {P}erfect state measurements},
 journal = aut,
 year = {1993},
 volume = {29},
 pages = {401--423},
 month={March},
 number = "2"
)

@ARTICLE(Pet:87,
 author = "I. R. Petersen",
 title = {Disturbance attenuation and {${\mathcal{H}}_{\infty}$} optimization: a design	method based on the algebraic {R}iccati equation},
 journal = ieeetac,
 year = "1987",
 volume = "32",
 pages = "427--429",
 number = "5",
 month = "May",
 OPTnote = "",
 OPTannote = ""
)


@ARTICLE(PGS:93,
 author = {P. L. D. Peres and J. C. Geromel and S. R. Souza},
 title = {{${\mathcal{H}}_{\infty}$} guaranteed cost control for uncertain 
 continuous-time linear systems},
 journal = scl,
 year = {1993},
 volume = {20},
 number={6},
 month={June},
 pages = {413--418}
)

@ARTICLE(PGS:94,
 author = {P. L. D. Peres and J. C. Geromel and S. R. Souza},
 title = {Optimal {${\mathcal{H}}_{\infty}$} state feedback control for continuous-time linear systems},
 journal = jota,
 year = {1994},
 volume = {82},
 number = {2},
 pages = {343--359},
 month = {August}
)

@ARTICLE(PTP:97,
 author = {R. M. Palhares and R. H. C. Takahashi and P. L. D. Peres},
 title = {{${\mathcal{H}}_{\infty}$} and {${\mathcal{H}}_{2}$} guaranteed costs 
computation for uncertain linear systems},
 journal = ijss,
 year = {1997},
 volume = {28},
 number = {2},
 pages = {183--188},
 month = {February}
)

@ARTICLE(RV:88,
 author = "A. C. M. Ran and R. Vreugdenhil",
 title = "{Existence and comparison theorems for algebraic {R}iccati equations for continuous and discrete-time systems}",
 journal = laa,
 year = "1988",
 pages = "63--83",
 OPTcrossref = "",
 OPTkey = "",
 volume = "99",
 OPTnumber = "",
 month = "February",
 OPTnote = "",
 OPTannote = ""
)

@ARTICLE(Sch:89,
 author = {C. W. Scherer},
 title = {{${\mathcal{H}}_{\infty}$}-control by state-feedback: an
iterative algorithm and characterization of high-gain occurrence},
 journal = scl,
 year = {1989},
 volume = {12},
 pages = {383--391},
 number = "5",
 month={June}
)

@ARTICLE(Sch:90,
 author = {C. Scherer},
 title = {{${\mathcal{H}}_{\infty}$}-control by state-feedback and
 fast algorithms for the computation of optimal {${\mathcal{H}}_{\infty}$}-norms},
 journal = ieeetac,
 year = {1990},
 volume = {35},
 number = {10},
 month={October},
 pages = {1090--1099}
)

@ARTICLE(Sch:94,
 author = {C. Scherer},
 title = {The state-feeback {${\mathcal{H}}_{\infty}$}-problem at optimality},
 journal = aut,
 year = {1994},
 volume = {30},
 number = {2},
 pages = {293--305}
)

@ARTICLE(SFX:93,
 author = "C. E. de{ }Souza and M. Fu and L. Xie",
 title = {{${\mathcal{H}}_{\infty}$} analysis and synthesis of discrete-time systems with time-varying uncertainty},
 journal = ieeetac,
 year = "1993",
 volume = "38",
 pages = "459--462",
 number = "3",
 month = "March"
)


@ARTICLE(SLC:89,
 author = {M. G. Safonov and D. J. N. Limebeer and R. Y. Chiang},
 title = {Simplifying the {${\mathcal{H}}_{\infty}$} theory via loop shaping, matrix pencil and descriptor concepts},
 journal = ijc,
 year = {1989},
 volume = {50},
 number = {6},
 pages = {2467--2488}
)

@ARTICLE(SP:94,
 author = {A. V. Savkin and I. R. Petersen},
 title = {A connection between {${\mathcal{H}}_{\infty}$} control and the absolute stabilizability of uncertain systems},
 journal = scl,
 year = {1994},
 volume = {23},
 pages = {197--203}
)

@ARTICLE(SS:95,
 author = "U. Shaked and C. E. de{ }Souza",
 title = {Continuous-time tracking problems in an {${\mathcal{H}}_{\infty}$} setting: a game theory approach},
 journal = ieeetac,
 year = "1995",
 volume = "40",
 number = "5",
 pages = "841--852",
 month = "May",
 OPTnote = "",
 OPTannote = ""
)

@ARTICLE(SX:92,
 author = {C. E. de{ }Souza and L. Xie},
 title = {On the discrete-time bounded real lemma with application in the characterization of static state feedback {${\mathcal{H}}_{\infty}$} controllers},
 journal = scl,
 year = {1992},
 volume = {18},
 pages = {61--71},
 number = {1},
 month = {January}
)


@ARTICLE(YS:91,
 author = "I. Yaesh and U. Shaked",
 title = {A transfer function approach to the problems of discrete-time systems: {${\mathcal{H}}_{\infty}$} optimal linear control and filtering},
 journal = ieeetac,
 year = "1991",
 volume = "36",
 number = "11",
 pages = "1264--1271",
 month = "November"
)


@ARTICLE(ZK:88b,
 author = {K. Zhou and P. P. Khargonekar},
 title = {An algebraic {R}iccati equation approach to {${\mathcal{H}}_{\infty}$}
 optimization},
 journal = scl,
 year = {1988},
 volume = {11},
 pages = {85--91},
)



@BOOK(BB:91,
 author = {S. P. Boyd and C. H. Barratt},
 title = {Linear Control Design: Limits of Performance},
 publisher = {Prentice Hall},
 year = {1991},
 address = {Englewood Cliffs, NJ, USA},
)

@BOOK(BB:95,
 author = {T. Ba{\c{s}ar} and P. Bernhard},
 title = {{${\mathcal{H}}_{\infty}$} Optimal Control and Related Minimax Design Problems: A Dynamic Game Approach},
 publisher = {Birkh\"{a}user},
 year = {1995},
 address = {Boston, MA, USA},
)



@BOOK(Fra:87,
 author = "B. A. Francis",
 title = "A Course in {${\mathcal{H}}_{\infty}$} Control Theory",
 publisher = "Springer-Verlag",
 year = "1987",
 volume = "88",
 series = "Lectures Notes in Control and Information Sciences",
 address = "New York, NY, USA",
 OPTcrossref = "",
 OPTkey = "",
 Opteditor = "",
 OPTnumber = "",
 OPTedition = "",
 OPTmonth = "",
 OPTnote = "",
 OPTannote = ""
)

@BOOK(Sto:92,
 author = {A. A. Stoorvogel},
 title = {The {${\mathcal{H}}_{\infty}$} Control Problem: A State Space Approach},
 publisher = {Prentice Hall},
 year = {1992},
 address = {Englewood Cliffs, NJ, USA},
)

@BOOK(ZDG:96,
 author = {K. Zhou and J. C. Doyle and K. Glover},
 title = {Robust and Optimal Control},
 publisher = {Prentice Hall},
 year = {1996},
 address = {Upper Saddle River, NJ, USA}
)

@INPROCEEDINGS(CLYB:90,
 author = {B. C. Chang and X. P. Li and H. H. Yeh and S. S. Banda},
 title = {Computation of the {${\mathcal{H}}_{\infty}$} norm of a transfer function},
 booktitle = acc90,
 year = {1990},
 pages = {2578--2582},
 address = {San Diego, CA, USA},
 OPTvolume = ""
)

@INPROCEEDINGS(Gah:92,
 author = {P. Gahinet},
 title = {{A convex parametrization of {${\mathcal{H}}_{\infty}$} suboptimal 
controllers}},
 booktitle = acc92,
 year = {1992},
 volume = {1},
 pages = {937--942},
 address = {Chicago, IL, USA}
)

@INPROCEEDINGS(GN:93b,
 author = {P. Gahinet and A. Nemirovskii},
 title = {General-purpose {LMI} solvers with benchmarks},
 booktitle = cdc32,
 year = {1994},
 volume = {3},
 pages = {3162--3165},
 address = {San Antonio, TX, USA}
)

@INPROCEEDINGS(GPS:91,
 author = {J. C. Geromel and P. L. D. Peres and S. R. Souza},
 title = {Quadratic stabilizability of linear uncertain systems with prescribed {${\mathcal{H}}_{\infty}$} norm bounds},
 booktitle = {Proceedings of the 1st IFAC Symposium on
Design Methods of Control Systems},
 year = {1991},
 volume = {1},
 pages = {302--307},
 address = {Zurich, Switzerland}
)

@INPROCEEDINGS(GPS:92b,
 author = {J. C. Geromel and P. L. D. Peres and S. R. Souza},
 title = {Mixed {${\mathcal{H}}_{2}$}/{${\mathcal{H}}_{\infty}$} control 
for continuous-time linear systems},
 booktitle = cdc31,
 year = {1992},
 volume = {4},
 pages = {3717--3722},
 address = {Tucson, USA}
)


@INPROCEEDINGS(HKB:95,
 author = {W. M. Haddad and V. Kapila and D. S. Bernstein},
 title = {Robust {${\mathcal{H}}_\infty$} stabilization via parametrized  {L}yapunov bounds},
 booktitle =  acc95,
 year = {1995},
 pages = {2374--2378},
 address = {Seattle, WA, USA},
 month = {June}
)

@INPROCEEDINGS(IS:93,
 author = {T. Iwasaki and R. E. Skelton},
 title = {A complete solution to the general {${\mathcal{H}}_{\infty}$} control problem: {LMI} existence conditions and state space formulas},
 booktitle = acc93,
 year = {1993},
 volume = {1},
 pages = {605--609},
 address = {San Francisco, CA, USA}
)

@INPROCEEDINGS(PGS:91,
 author = {P. L. D. Peres and J. C. Geromel and S. R. Souza},
 title = {Convex analysis of discrete-time uncertain {${\mathcal{H}}_{\infty}$} control problem},
 booktitle = cdc30,
 year = {1991},
 volume = {1},
 pages = {521--526},
 address = {Brighton, UK}
)




@INPROCEEDINGS(PSG:92b,
 author = {P. L. D. Peres and S. R. Souza and J. C. Geromel},
 title = {Controle de sistemas di{n\^{a}}micos sujeitos a restri{\c{c}\~{o}es} estruturais e limitante {${\mathcal{H}}_{\infty}$}},
 booktitle = cba92,
 year = {1992},
 volume = {1},
 pages = {556--561},
 address = {Vi{t\'{o}}ria, ES},
 month = {Setembro}
)

@INPROCEEDINGS(PSG:94,
 author = {P. L. D. Peres and S. R. Souza and J. C. Geromel},
 title = {{${\mathcal{H}}_{\infty}$} control design by static output feedback},
 booktitle = {Proceedings of the 1st IFAC Symposium on Robust Control Design},
 year = {1994},
 volume = {1},
 pages = {243--248},
 address = {Rio de Janeiro, Brazil}
)



@INPROCEEDINGS(PZPB:91,
 author = {A. Packard and K. Zhou and P. Pandey and G. Becker},
 title = {A collection of robust control problems leading to {LMI's}},
 booktitle = cdc30,
 year = {1991},
 volume = {1},
 pages = {1245--1250},
 address = {Brighton, UK}
)

@INPROCEEDINGS(TK:96b,
 author = {K. Takaba and T. Katayama},
 title = {{${\mathcal{H}}_{2}$} optimal output feedback control for descriptor systems},
 booktitle = cdc35,
 year = {1996},
 volume = {1},
 pages = {1015--1020},
 address = {Kobe, Japan}
)

@INPROCEEDINGS(UYK:96,
 author = {S. Ushida and S. Yamamoto and H. Kimura},
 title = {Quadratic stabilization by {${\mathcal{H}}_{\infty}$} state feedback controllers with adjustable parameters},
 booktitle = cdc35,
 year = {1996},
 volume = {1},
 pages = {1003--1008},
 address = {Kobe, Japan}
)

@INPROCEEDINGS(XM:96,
 author = {X. Xin and T. Mita},
 title = {The design of strictly proper {${\mathcal{H}}_{\infty}$} controllers forgeneral generalized plants via {LMI}},
 booktitle = cdc35,
 year = {1996},
 volume = {1},
 pages = {1009--1014},
 address = {Kobe, Japan}
)

@INPROCEEDINGS(XuM:96,
 author = {H. Xu and K. Mizukami},
 title = {Upper and lower bounds of {${\mathcal{H}}_{\infty}$} optimal performance for a class of continuous-time descriptor systems},
 booktitle = cdc35,
 year = {1996},
 volume = {1},
 pages = {1021--1026},
 address = {Kobe, Japan}
)

@ARTICLE{ZKSN:95,
 author = "K. Zhou and P. P. Khargonekar and J. Stoustrup and H. H. Niemann",
 title = "Robust performance of systems with structured uncertainties in state space",
 journal = aut,
 year = "1995",
 volume = "31",
number= "2",
 pages = "249--255",
month = "February",
}

@ARTICLE{IA:92,
 author = "A. Isidori and A. Astolfi",
 title = "Disturbance attenuation and {H}-infinity-control via measurement feedback in nonlinear-systems",
 journal = ieeetac,
 year = "1992",
 volume = "37",
number= "9",
 pages = "1283--1293",
month = "September",
}

@ARTICLE{Tad:90,
 author = "G. Tadmor",
 title = "Worst-case design in the time domain --- the maximum principle and the standard {H}-infinity problem",
 journal = mcss,
 year = "1990",
 volume = "3",
 number= "4",
 pages = "301--324",
}


@INPROCEEDINGS(dOOLMP:03,
 author = {P. J. de{  }Oliveira and R. C. L. F. Oliveira and V. J. S. Leite and V. F. Montagner and P. L. D. Peres},
 title = {{${\mathcal{H}}_{\infty}$} guaranteed cost computation by means of parameter dependent {L}yapunov functions},
 booktitle = rocond03,
 year = {2003},
 volume = {1},
 pages = {19--24},
 address = {Milan, Italy}
)

@ARTICLE{dOOLMP:04a,
 author = {P. J. de{  }Oliveira and R. C. L. F. Oliveira and V. J. S. Leite and V. F. Montagner and P. L. D. Peres},
 title = {{${\mathcal{H}}_{\infty}$} guaranteed cost computation by means of parameter dependent {L}yapunov functions},
 journal = aut ,
 year = "2004",
 volume = "40",
 number= "6",
 pages = "1053--1061",
 month = "June",
}

@Inproceedings{OLdOMP:04,
        author={R. C. L. F. Oliveira and V. J. S. Leite and P. J. de{  }Oliveira and V. F. Montagner and P. L. D. Peres},
        title={C\^{o}mputo de custo garantido {${\mathcal{H}}_{\infty}$} por meio de fun{\c{c}\~{o}}es de
        {L}yapunov dependentes de par\^{a}metros},
        booktitle=cba04,
        OPTvolume={},
        address={Gramado, RS},
        pages={},
        year={2004},
    month={Setembro}
}

@Inproceedings{dOLOMP:04,
        author={P. J. de{  }Oliveira and V. J. S. Leite and R. C. L. F. Oliveira and V. F. Montagner and
        P. L. D. Peres},
        title={Determina\c{c}\~{a}o do custo garantido {${\mathcal{H}}_{2}$} por meio de fun\c{c}\~{o}es
        de {L}yapunov dependentes de par\^{a}metros},
        booktitle=cba04,
        volume={},
        address={Gramado, RS},
        pages={},
        year={2004},
    month={Setembro}
}

@BOOK{ZD:98,
  author = {K. Zhou and J. C. Doyle},
  year = 1998,
  title = {Essentials of Robust Control},
  publisher = {Prentice Hall},
  address = {New York}
}

@BOOK{SIG:98,
  author = {R. E. Skelton and T. Iwasaki and K. Grigoriadis},
  year = 1998,
  title = {A Unified Algebraic Approach to Linear Control Design},
  publisher = {Taylor \& Francis},
  address = {Bristol, PA}
}

@BOOK{Bur:98,
  author = {J. B. Burl},
  year = 1998,
  title = {Linear Optimal Control: H2 and H-Infinity Methods},
  publisher = {Prentice Hall},
  address = {New York}
}

@ARTICLE{dOOLMP:04b,
 author = {P. J. de{  }Oliveira and R. C. L. F. Oliveira and V. J. S. Leite and V. F. Montagner and P. L. D. Peres},
 title = {{${\mathcal{H}}_{2}$} guaranteed cost computation by means of parameter dependent {L}yapunov functions},
 journal = ijss,
 year = "2004",
 volume = "35",
 number= "5",
 pages = "305--315",
 month = "April",
}

@INPROCEEDINGS(GPT:04,
 author = {E. N. Gon{\c{c}}alves and R. M. Palhares and R. H. C. Takahashi},
 title = {Multiobjective optimization applied to robust {${\mathcal{H}}_{2}$}/{${\mathcal{H}}_{\infty}$} 
          state-feedback control synthesis},
 booktitle = acc04,
 year = {2004},
 address = {Boston, MA, USA},
 month = {June},
 pages = {4619--4624},
)


@INPROCEEDINGS{GPT:05b,
   AUTHOR =       "E. N. Gon\c{c}alves and  R. M. Palhares and R. H. C. Takahashi",
   TITLE =        "Robust {${\mathcal{H}}_{2}$}/{${\mathcal{H}}_{\infty}$} output-feedback control 
                   synthesis for systems with polytope-bounded uncertainty",
   BOOKTITLE =    ifac05,
   YEAR =         "2005",
   pages =        " ",
   address =      "Prague, Czech Republic",
   month =        "July",
   note = 	  "in CD-rom",
}

@INPROCEEDINGS{TCB:04,
  AUTHOR =       {A. Trofino and D. F. Coutinho and K. A. Barbosa},
  TITLE =        {Improved $\mathcal{H}_{2}$ and $\mathcal{H}_{\infty}$ conditions for uncertain linear systems},
  BOOKTITLE =    cba04,
  YEAR =         {2004},
  address =      {Gramado, RS},
  month =        {Setembro},
  note=          {in CD-rom},
}


@Article{ANR:08,
author = {P. Apkarian and D. Noll and R. Rondepierre},
title = {Mixed {$\mathcal{H}_{2}$/$\mathcal{H}_{\infty}$} control via nonsmooth optimization},
journal = siamjco,
year = {2008},
volume = {47},
number = {3},
pages = {1516--1546},
}

@InProceedings{GHMO:09,
author = {S. Gumussoy and D. Henrion and M. Millstone and M. L. Overton},
title = {Multiobjective robust control with {HIFOO} 2.0},
booktitle = rocond09,
pages = {144--149},
year = {2009},
address = {Haifa, Israel},
month = {June},
note = "\url{www.cs.nyu.edu/overton/software/hifoo}",
} 

@ARTICLE{SGK:11,
author = {W. Sun and H. Gao and O. Kaynak},
journal = ieeetcst,
title = {Finite frequency {$\mathcal{H}_{\infty}$} control for vehicle active suspension systems},
year = {2011},
month = {March},
volume = {19},
number = {2},
pages = {416--422}
}

@Article{HWS:05,
  Title                    = {Improved {B}ounded-{R}eal-{L}emma representation and {$\mathcal{H}_{\infty}$} control of systems with polytopic uncertainties},
  Author                   = {Y. He and M. Wu and J. She},
  Journal                  = ieeetcsIIeb,
  Year                     = {2005},
  Month                    = {July},
  Number                   = {7},
  Pages                    = {380--383},
  Volume                   = {52},
}

@Article{Xie:08,
  Title                    = {An equivalent {LMI} representation of {B}ounded {R}eal {L}emma for continuous-time systems},
  Author                   = {W. Xie},
  Journal                  = jia,
  Year                     = {2008},
  Month                    = {January},
  Number                   = {1},
  Pages                    = {1--8},
  Volume                   = {2008},
}

@INPROCEEDINGS{BHLO:06,
  author = {J. V. Burke  and D. Henrion  and A. S. Lewis and M. L. Overton},
  title = {{HIFOO} -- a {MATLAB} package for fixed-order controller design and
	$\mathcal{H}_\infty$ optimization},
  booktitle = rocond06,
  year = {2006},
  pages = {339--344},
  address = {Toulouse, France},
  month = {July},
}

@INPROCEEDINGS{GSY:99,
  author = {E. Gershon and U. Shaked and I. Yaesh},
  title = {$\mathcal{H}_{\infty}$ control and estimation of discrete-time linear
	systems with stochastic parameter uncertainties},
  booktitle = ecc99,
  year = {1999},
  pages = {1310--1315},
  address = {Karlsruhe, Germany},
  month = {August},
}

@BOOK{GSY:05,
  title = {$\mathcal{H}_{\infty}$ Control and Estimation of State-multiplicative
	Linear Systems},
  publisher = {Springer-Verlag},
  year = {2005},
  author = {E. Gershon and U. Shaked and I. Yaesh},
  volume = {318},
  series = {Lecture Notes in Control and Information Sciences},
  address = {London, UK},
}

@ARTICLE{CK:96,
  author = {O. L. V. Costa and C. S. Kubrusly},
  title = {State feedback $\mathcal{H}_{\infty}$-control for discrete-time infinite-dimensional
	stochastic bilinear systems},
  journal = jmsec,
  year = {1996},
  volume = {6},
  pages = {1--32},
  issue = {2},
}

@ARTICLE{HP:98,
  author = {D. Hinriechsen and A. J. Pritchard},
  title = {Stochastic $\mathcal{H}_{\infty}$},
  journal = siamjco,
  year = {1998},
  volume = {36},
  pages = {1504--1538},
  number = {5},
}


@ARTICLE{GS:15,
  author = {E. Gershon and U. Shaked},
  title = {Vertex-dependent approach to robust {$\mathcal{H}_{\infty}$} control
	and estimation of stochastic discrete-time systems},
  journal = {IFAC-PapersOnLine},
  year = {2015},
  volume = {48},
  pages = {949--953},
  number = {11},
}

@INPROCEEDINGS{GSI:15,
  author = {E. Gershon and U. Shaked and L. Itzhaki},
  title = {Stochastic linear systems: {R}obust {$\mathcal{H}_{\infty}$} control
	via vertex-dependent approach},
  booktitle = med2015,
  year = {2015},
  pages = {638--643},
  address = {Torremolinos, Spain},
  month = {June},
}

@ARTICLE{GSY:01,
  author = {E. Gershon and U. Shaked and I. Yaesh},
  title = {$\mathcal{H}_{\infty}$~control and filtering of discrete-time stochastic
	systems with multiplicative noise},
  journal = aut,
  year = {2001},
  volume = {37},
  pages = {409--417},
  number = {3},
  month = {March},
}