%
% As macros para os nomes de jornais e congressos estao
% no arquivo listacompleta.bib. Novos nomes devem ser
% incluidos la. Pedro, 10.11.2003
%

@article{dSPP:01,
        author={C. E. de{ }Souza and R. M. Palhares and P. L. D. Peres},
        title={Robust {${\mathcal{H}}_\infty$} filter design for uncertain linear systems with multiple time-varying state delays},
        journal=ieeetsp,
        year={2001},
        volume={49},
        number={3},
        month={March},
        pages={569--576},
}

@ARTICLE{PdSP:01,
  author = {R. M. Palhares and C. E. de{ }Souza and P. L. D. Peres},
  year = {2001},
  title = {Robust {${\mathcal{H}}_{\infty}$} filtering for uncertain
          discrete-time state-delayed systems},
  journal = ieeetsp,
  volume = {49},
  number = {8},
  month = {August},
  pages = {1096--1703}
}

@ARTICLE{PP:01a,
  author = {R. M. Palhares and P. L. D. Peres},
  year = {2001},
  title = {{LMI} approach to the mixed {${\mathcal{H}}_{2}$/${\mathcal{H}}_{\infty}$} filtering design for discrete-time uncertain systems},
  journal = "IEEE Transactions on Aerospace and Electronic Systems",
  volume = {37},
  number = {1},
  month = {January},
  pages = {292--296}
}


@INCOLLECTION{dST:00,
  author = {C. E. {de{ }Souza} and A. Trofino},
  editor = {L. {El Ghaoui} and S. I. Niculescu},
  year = {2000},
  title = {A linear matrix inequality approach to the design of robust
          {${\mathcal{H}}_2$} filters},
  booktitle = {Advances in Linear Matrix Inequality Methods in Control},
  edition = {},
  series ="Advances in Design and Control", 
  pages = {175--185},
  publisher = {SIAM},
  address = {Philadelphia, PA}
}

@book{EN:00,
   editor = "L. El{ }Ghaoui and S. I. Niculescu",
   publisher = "SIAM",
   title = "Advances in Linear Matrix Inequality Methods in Control",
   series ="Advances in Design and Control", 
   year = "2000",
   address = "Philadelphia, PA"
}

@ARTICLE{DXY:00,
  author = {C. L. Du and L. H. Xie and Y. C. Soh},
  month = {June},
  year = {2000},
  title = {{${\mathcal{H}}_\infty$} filtering of {2-D} discrete systems},
  journal = ieeetsp,
  volume = {48},
  number = {6},
  pages = {1760--1768}
}


@Inproceedings{PP:98,
	author={R. M. Palhares and P. L. D. Peres},
	title={Robust {${\mathcal{H}}_{\infty}$} filtering design with 
               pole placement constraint in an {LMI} setting},
	booktitle={Proceedings of the 
                   8 Congreso Latinoamericano de Control Automatico},
	volume={1},
	address={Vi{\~{n}}a del Mar, Chile},
	pages={43--48},
	year={1998}
}

@INPROCEEDINGS{KC:00,
  author = {S. Kim and J. Chun},
  month = {June},
  year = 2000,
  title = {Satellite orbit determination using a magnetometer-based bootstrap filter},
  booktitle = acc00,
  volume = 1,
  pages = {792--793},
  address = {Chicago, IL, USA}
}
@ARTICLE{PP:00a,
  author = {R. M. Palhares and P. L. D. Peres},
  month = {June},
  year = 2000,
  title = {Robust filtering with guaranteed energy-to-peak performance --- an
          {LMI} approach},
  journal = aut,
  volume = 36,
  number = 6,
  pages = {851--858}
}
@ARTICLE{PP:00c,
  author = {R. M. Palhares and P. L. D. Peres},
  month = {September},
  year = 2000,
  title = {Mixed 
{${\mathcal{L}}_2-{\mathcal{L}}_{\infty}$/${\mathcal{H}}_{\infty}$}  
filtering for uncertain  linear systems: an {LMI} approach},
  journal = ijss,
  volume = 31,
  number = 9,
  pages = {1091--1098}
}
@ARTICLE{WH:00,
  author = {Z. D. Wang and B. Huang},
  month = {August},
  year = 2000,
  title = {Robust {${\mathcal{H}}_2$/${\mathcal{H}}_\infty$} filtering for
          linear systems with error variance constraints},
  journal = ieeetsp,
  volume = 48,
  number = 8,
  pages = {2463--2467}
}
@INPROCEEDINGS{dSPP:99,
  author = {C. E. de{ }Souza and R. M. Palhares and P. L. D. Peres},
  month = {December},
  year = 1999,
  title = {Robust {${\mathcal{H}}_{\infty}$} filtering for uncertain Linear
          systems with multiple time-varying state delays: an {LMI} approach},
  booktitle = cdc38,
  pages = {2023--2029},
  address = {Phoenix, AZ}
}
@ARTICLE{dSS:99,
  author = {C. E. de{ }Souza and U. Shaked},
  year = 1999,
  title = {Robust {${\mathcal{H}}_2$} filtering for uncertain systems with
          measurable inputs},
  journal = ieeetsp,
  volume = 47,
  number = 8,
  pages = {2286--2292}
}
@INPROCEEDINGS{EC:99,
  author = {L. {El Ghaoui} and G. Calafiore},
  month = {June},
  year = 1999,
  title = {Worst-case state prediction under structured uncertainty},
  booktitle = acc99,
  volume = 3,
  pages = {3402--3406},
  address = {San Diego, CA}
}
@ARTICLE{Ger:99,
  author = {J. C. Geromel},
  year = 1999,
  title = {Optimal linear filtering under parameter uncertainty},
  journal = ieeetsp,
  volume = 47,
  number = 1,
  pages = {168--175},
  month = {January},
}
@ARTICLE{Nis:99,
  author = {K. Nishiyama},
  month = {October},
  year = 1999,
  title = {Robust estimation of a single complex sinusoid in white noise ---
          {${\mathcal{H}}_\infty$} filtering approach},
  journal = ieeetsp,
  volume = {47},
  number = {10},
  pages = {2853--2856}
}
@INPROCEEDINGS{PdSP:99,
  author = {R. M. Palhares and C. E. de{ }Souza and P. L. D. Peres},
  month = {December},
  year = {1999},
  title = {Robust {${\mathcal{H}}_{\infty}$} filter design for uncertain
          discrete-time state-delayed systems: an {LMI} approach},
  booktitle = cdc38,
  pages = {2347--2352},
  address = {Phoenix, AZ, USA}
}
@INPROCEEDINGS{PP:99a,
  author = {R. M. Palhares and P. L. D. Peres},
  month = {June},
  year = {1999},
  title = {Robust {${\mathcal{H}}_{\infty}$} filtering design with pole constraints for discrete-time systems: an {LMI} approach},
  booktitle = acc99,
  volume = {1},
  pages = {4418--4422},
  address = {San Diego, CA, USA}
}
@ARTICLE{PP:99b,
  author = {R. M. Palhares and P. L. D. Peres},
  year = 1999,
  title = {Robust {${\mathcal{H}}_{\infty}$} filtering design with pole
          placement constraint via {LMI}s},
  journal = jota,
  volume = {102},
  number = {2},
  pages = {239--261},
  month={August},
}
@ARTICLE{PP:00b,
  author = {R. M. Palhares and P. L. D. Peres},
  year = 2000,
  title = {Robust {${\mathcal{H}}_\infty$} filter design with
pole constraints for discrete-time systems},
  journal = jfi,
  volume = 337,
  number = 6,
  pages = {713--723},
  month = {September}
}
@INPROCEEDINGS{PP:99c,
  author = {R. M. Palhares and P. L. D. Peres},
  month = {July},
  year = 1999,
  title = {Robust filtering with guaranteed energy-to-peak performance --- an
          {$\mathcal{LMI}$} approach},
  booktitle = ifac99,
  volume = {D},
  pages = {243--248},
  address = {Beijing, P. R. China}
}
@ARTICLE{RU:99,
  author = {K. Reif and R. Unbehauen},
  month = {August},
  year = 1999,
  title = {The extended {K}alman filter as an exponential observer for
          nonlinear systems},
  journal = ieeetsp,
  volume = 47,
  number = 8,
  pages = {2324--2328}
}
@INPROCEEDINGS{GBGdO:98,
  author = {J. C. Geromel and J. Bernussou and G. Garcia and M. C. de{  }Oliveira},
  month = {December},
  year = 1998,
  title = {{${\mathcal{H}}_2$} and {${\mathcal{H}}_\infty$} robust filtering
          for discrete-time linear systems},
  booktitle = cdc37,
  volume = 1,
  pages = {632--637},
  address = {Tampa, FL}
}
@INPROCEEDINGS{GdO:98,
  author = {J. C. Geromel and M. C. de{  }Oliveira},
  month = {December},
  year = 1998,
  title = {{${\mathcal{H}}_2$} and {${\mathcal{H}}_\infty$} robust filtering
          for convex bounded uncertain systems},
  booktitle = cdc37,
  volume = 1,
  pages = {146--151},
  address = {Tampa, FL}
}
@ARTICLE{Gri:98b,
  author = {M. J. Grimble},
  month = {November},
  year = 1998,
  title = {Polynomial systems approach to continuous-time weighted optimal
          linear filtering and prediction},
  journal = ieeetsp,
  volume = 46,
  number = 11,
  pages = {3123--3127}
}

@ARTICLE{JP:98,
  author = {M. R. James and I. R. Petersen},
  month = {November},
  year = 1998,
  title = {Nonlinear state estimation for uncertain systems with an integral
          constraint},
  journal = ieeetsp,
  volume = 46,
  number = 11,
  pages = {2926--2937}
}
@ARTICLE{MOS:98,
  author = {I. Masubuchi and A. Ohara and N. Suda},
  year = 1998,
  title = {$\mathcal{LMI}$-based controller synthesis: a unified formulation
          and solution},
  journal = ijrnlc,
  volume = 8,
  number = {},
  pages = {669--686}
}
@ARTICLE{PP:98b,
  author = {R. M. Palhares and P. L. D. Peres},
  year = 1998,
  title = {Optimal filtering schemes for linear discrete-time systems --- an
          {LMI} approach},
  journal = ijss,
  volume = 29,
  number = 6,
  pages = {587--593},
  note = {}
}
@ARTICLE{WG:98,
  author = {J. T. Watson and K. M. Grigoriadis},
  month = {September},
  year = 1998,
  title = {Optimal unbiased filtering via linear matrix inequalities},
  journal = scl,
  volume = 35,
  number = 2,
  pages = {111--118}
}
@ARTICLE{XYS:98,
  author = {L. H. Xie and W. Y. Yan and Y. C. Soh},
  month = {January},
  year = 1998,
  title = {{${\mathcal{L}}_2$} optimal filter reduction: a closed-loop
          approach},
  journal = ieeetsp,
  volume = 46,
  number = 1,
  pages = {1760--1768}
}
@ARTICLE{ZCT:98,
  author = {Z. Q. Zang and A. Cantoni and K. L. Teo},
  month = {October},
  year = 1998,
  title = {Continuous-time envelope-constrained filter design via {L}aguerre
          filters and {${\mathcal{H}}_\infty$ optimization methods} filtering
          approach},
  journal = ieeetsp,
  volume = 46,
  number = 10,
  pages = {2601--2610}
}
@ARTICLE{GN:97,
  author = {P. Gahinet and A. Nemirovskii},
  year = 1997,
  title = {The projective method for solving linear matrix inequalities},
  journal = matproB,
  volume = 77,
  number = 2,
  pages = {163--190}
}
@ARTICLE{GW:97,
  author = {K. M. Grigoriadis and J. T. Watson},
  year = 1997,
  title = {Reduced-order {${\mathcal{H}}_\infty$} and
          {${\mathcal{L}}_2$}-{${\mathcal{L}}_\infty$} filtering via linear
          matrix inequalities},
  journal = ieeetaes,
  volume = 33,
  number = 4,
  pages = {1326--1338}
}
@ARTICLE{LF:97,
  author = {H. Li and M. Fu},
  year = 1997,
  title = {A linear matrix inequality approach to robust
          {${\mathcal{H}}_\infty$} filtering},
  journal = ieeetsp,
  volume = 45,
  number = 9,
  pages = {2338--2350},
  note = {}
}
@ARTICLE{PK:97,
  author = {P. Park and T. Kailath},
  year = 1997,
  title = {{${\mathcal{H}}_\infty$} filtering via convex optimization},
  journal = ijc,
  volume = 66,
  number = 1,
  pages = {15--22}
}

@ARTICLE{WGU:97,
  author = {Z. Wang and Z. Guo and H. Unbehauen},
  year = 1997,
  title = {Robust {${\mathcal{H}}_2$}/{${\mathcal{H}}_\infty$}-state
          estimation for discrete-time systems with error variance constraints},
  journal = ieeetac,
  volume = 42,
  number = 10,
  pages = {1431--1435}
}
@ARTICLE{Gah:96,
  author = {P. Gahinet},
  year = 1996,
  title = {Explicit controller formulas for {LMI}-based
          {${\mathcal{H}}_\infty$} synthesis},
  journal = aut,
  volume = 32,
  number = 7,
  pages = {1007--1014}
}
@ARTICLE{KRB:96,
  author = {P. P. Khargonekar and M. A. Rotea and E. Baeyens},
  year = 1996,
  title = {Mixed {${\mathcal{H}}_2$}/{${\mathcal{H}}_\infty$} filtering},
  journal = ijrnlc,
  volume = 6,
  number = 4,
  pages = {313--330}
}
@ARTICLE{PM:96,
  author = {I. R. Petersen and D. C. McFarlane},
  year = 1996,
  title = {Optimal guaranteed cost filtering for uncertain discrete-time
          linear systems},
  journal = ijrnlc,
  volume = 6,
  number = 4,
  pages = {267--280}
}
@ARTICLE{RSI:96,
  author = {H. Rotstein and M. Sznaier and M. Idan},
  year = 1996,
  title = {{${\mathcal{H}}_2$}/{${\mathcal{H}}_\infty$} filtering theory and an aerospace application},
  journal = ijrnlc,
  volume = 6,
  number = 4,
  pages = {347--366}, 
  month = {May},
}

@ARTICLE{TK:96a,
  author = {K. Takaba and T. Katayama},
  year = 1996,
  title = {Discrete-time {${\mathcal{H}}_\infty$} algebraic {R}iccati equation and parametrization of all {${\mathcal{H}}_\infty$} filters},
  journal = ijc,
  volume = 64,
  number = 6,
  pages = {1129--1149},
  month = {June},
}

@ARTICLE{TS:96a,
  author = {Y. Theodor and U. Shaked},
  year = 1996,
  title = {A dynamic game approach to mixed
          {${\mathcal{H}}_2$}/{${\mathcal{H}}_\infty$} estimation},
  journal = ijrnlc,
  volume = 6,
  number = 4,
  pages = {331--345}
}
@ARTICLE{TS:96b,
  author = {Y. Theodor and U. Shaked},
  month = {February},
  year = 1996,
  title = {Robust discrete-time minimum variance filtering},
  journal = ieeetsp,
  volume = 44,
  number = 2,
  pages = {181--189}
}
@ARTICLE{XdSW:96,
  author = {L. Xie and C. E. de{ }Souza and Y. Wang},
  year = 1996,
  title = {Robust filtering for a class of discrete-time uncertain nonlinear
          systems: an {${\mathcal{H}}_\infty$} approach},
  journal = ijrnlc,
  volume = 6,
  number = 4,
  pages = {297--312}
}
@ARTICLE{Xie:96,
  author = {L. Xie},
  year = 1996,
  title = {Output feedback {${\mathcal{H}}_\infty$} control of systems with
          parameter uncertainty},
  journal = ijc,
  volume = 63,
  number = 4,
  pages = {741--750}
}
@ARTICLE{YS:96,
  author = {I. Yaesh and U. Shaked},
  year = 1996,
  title = {Design of linear tracking filters via robust {${\mathcal{H}}_2$}
          optimization},
  journal = ieeetaes,
  volume = 32,
  number = 1,
  pages = {388--394}
}
@ARTICLE{CLC:95,
  author = {B. S. Chen and C. W. Lin and Y. L. Chen},
  month = {November},
  year = 1995,
  title = {Optimal signal reconstruction in noisy filter bank systems ---
          multirate {K}alman synthesis filtering approach},
  journal = ieeetsp,
  volume = 43,
  number = 11,
  pages = {181--189}
}
@ARTICLE{dSSF:95,
  author = {C. E. de{ }Souza and U. Shaked and M. Fu},
  year = 1995,
  title = {Robust {${\mathcal{H}}_\infty$} filtering for continuous time
          varying uncertain systems with deterministic input signals},
  journal = ieeetsp,
  volume = 43,
  number = 3,
  pages = {709--719}
}

@INCOLLECTION{Sche:95b,
  author = {C. Scherer},
  editor = {A. Isidori},
  year = 1995,
  title = {Mixed {${\mathcal{H}}_2$}/{${\mathcal{H}}_\infty$} Control},
  booktitle = {Trends in Control},
  edition = {},
  pages = {173--216},
  publisher = {Springer-Verlag},
  address = {Berlin}
}
@ARTICLE{SdS:95,
  author = {U. Shaked and C. E. de{ }Souza},
  year = 1995,
  title = {Robust minimum variance filtering},
  journal = ieeetsp,
  volume = 43,
  number = 11,
  pages = {2474--2483},
  month = {November},
}
@INPROCEEDINGS{XdS:95,
  author = {L. Xie and C. E. de{ }Souza},
  month = {December},
  year = 1995,
  title = {On robust filtering for linear systems with parameter uncertainty},
  booktitle = cdc34,
  volume = 1,
  pages = {2087--2092},
  address = {New Orleans, LA},
}

@ARTICLE{PM:94a,
  author = {I. R. Petersen and D. C. McFarlane},
  year = 1994,
  title = {Optimal guaranteed cost control and filtering for uncertain linear
          systems},
  journal = ieeetac,
  volume = 39,
  number = 9,
  pages = {1971--1977}
}
@ARTICLE{TSdS:94,
  author = {Y. Theodor and U. Shaked and C. E. de{ }Souza},
  year = 1994,
  title = {A game theory approach to robust discrete-time
          {${\mathcal{H}}_\infty$} estimation},
  journal = ieeetsp,
  volume = 42,
  number = 6,
  pages = {1486--1495}
}
@ARTICLE{XS:94,
  author = {L. Xie and Y. C. Soh},
  year = 1994,
  title = {Robust {K}alman filtering for uncertain systems},
  journal = scl,
  volume = 22,
  number = {},
  pages = {123--129}
}
@ARTICLE{XSdS:94,
  author = {L. Xie and Y. C. Soh and C. E. de{ }Souza},
  year = 1994,
  title = {Robust Kalman filtering for uncertain discrete-time systems},
  journal = ieeetac,
  volume = 39,
  number = 6,
  pages = {1310--1314}
}
@ARTICLE{Gri:93,
  author = {M. J. Grimble},
  month = {January},
  year = 1993,
  title = {Polynomial matrix solution of the {${\mathcal{H}}_{\infty}$}
          filtering problem and the relationship to {R}iccati equation
          state-space results},
  journal = ieeetsp,
  volume = 41,
  number = 1,
  pages = {67--81}
}
@ARTICLE{PGB:93,
  author = {P. L. D. Peres and J. C. Geromel and J. Bernussou},
  year = 1993,
  title = {Quadratic stabilizability of linear uncertain systems in
          convex-bounded domains},
  journal = aut,
  volume = 29,
  number = 2,
  pages = {491--493},
month = {March}
}
@ARTICLE{XdS:93,
  author = {L. Xie and C. E. de{ }Souza},
  year = 1993,
  title = {{${\mathcal{H}}_\infty$} state estimation for linear periodic
          systems},
  journal = ieeetac,
  volume = 38,
  number = 11,
  pages = {1704--1707}
}
@ARTICLE{dSX:92,
  author = {C. E. de{ }Souza and L. Xie},
  year = 1992,
  title = {On the discrete-time bounded real lemma with application in the
          characterization of static state feedback {${\mathcal{H}}_\infty$}
          controllers},
  journal = scl,
  volume = 18,
  pages = {61--71}
}
@ARTICLE{FdSX:92,
  author = {M. Fu and C. E. de{ }Souza and L. Xie},
  year = 1992,
  title = {{${\mathcal{H}}_\infty$} estimation for uncertain systems},
  journal = ijrnlc,
  volume = 2,
  number = {},
  pages = {87--105}
}
@ARTICLE{ST:92a,
  author = {U. Shaked and Y. Theodor},
  month = {December},
  year = 1992,
  title = {A frequency-domain approach to the problems of
          {${\mathcal{H}}_{\infty}$}-minimum error state estimation and
          deconvolution},
  journal = ieeetsp,
  volume = 40,
  number = 12,
  pages = {3001--3011}
}
@INPROCEEDINGS{ST:92b,
  author = {U. Shaked and Y. Theodor},
  month = {December},
  year = 1992,
  title = {{${\mathcal{H}}_\infty$}-optimal estimation: a tutorial},
  booktitle = cdc31,
  volume = {},
  pages = {2278--2286},
  address = {Tucson, AZ}
}
@ARTICLE{YSb:92,
  author = {I. Yaesh and U. Shaked},
  year = 1992,
  title = {Game theory approach to optimal linear state estimation and its
          relation to the minimum {${\mathcal{H}}_\infty$}-norm estimation},
  journal = ieeetac,
  volume = 37,
  number = 6,
  pages = {828--831}
}

@ARTICLE(HBM:91,
 author = {W. M. Haddad and D. S. Bernstein and D. Mustafa},
 title = {Mixed-norm {${\mathcal{H}}_{2}$}/{${\mathcal{H}}_{\infty}$} regulation and estimation: the discrete-time case},
 journal = scl,
 year = {1991},
 volume = {16},
 number={4},
 month={April},
 pages = {235--247}
)

@ARTICLE{NK:91,
  author = {K. M. Nagpal and P. P. Khargonekar},
  year = 1991,
  title = {Filtering and smoothing in an {${\mathcal{H}}_\infty$} setting},
  journal = ieeetac,
  volume = 36,
  number = 2,
  pages = {152--166},
  month = {February}, 
}

@ARTICLE{XdSF:91,
  author = {L. Xie and C. E. de{ }Souza and M. Fu},
  year = 1991,
  title = {{${\mathcal{H}}_\infty$} estimation for discrete-time linear
          uncertain systems},
  journal = ijrnlc,
  volume = 1,
  number = {2},
  pages = {111--123},
  month = {April/June},
}

@ARTICLE{XdSF:91b,
  author = {L. Xie and C. E. de{ }Souza and M. D. Fragoso},
  year = 1991,
  title = {{${\mathcal{H}}_\infty$} filtering for linear periodic systems with
          parameter uncertainty},
  journal = scl,
  volume = 17,
  number = {5},
  pages = {343--350},
  month = {November}, 
}



@ARTICLE{GS:90,
  author = {M. J. Grimble and A. El Sayed},
  year = 1990,
  title = {Solution of the {${\mathcal{H}}_\infty$} optimal linear filtering
          problem for discrete-time systems},
  journal = {IEEE Transactions on Acoustics, Speech, and Signal Processing},
  volume = 38,
  number = 7,
  pages = {1092--1104}
}
@ARTICLE{Sha:90,
  author = {U. Shaked},
  year = 1990,
  title = {{${\mathcal{H}}_\infty$}-minimum error state estimation of linear
          stationary processes},
  journal = ieeetac,
  volume = 35,
  number = 5,
  pages = {554--558}
}
@ARTICLE{Wil:89,
  author = {D. A. Wilson},
  year = 1989,
  title = {Convolution and {Hankel} operator norms for linear systems},
  journal = ieeetac,
  volume = 34,
  number = 1,
  pages = {94--97}
}


@ARTICLE{Carl:86,
  author = {D. Carlson},
  year = 1986,
  title = {What are {S}chur complements, anyway?},
  journal = laa,
  volume = 74,
  number = {},
  pages = {257--275}
}
@ARTICLE{Alb:69,
  author = {A. Albert},
  year = 1969,
  title = {Conditions for positive and nonnegative definiteness in terms of
          pseudoinverses},
  journal = siamjam,
  volume = 17,
  number = 2,
  pages = {434--440}
}
@ARTICLE{And:66,
  author = {B. D. O. Anderson},
  year = 1966,
  title = {Algebraic description of bounded real lemma},
  journal = {Electronics Letters},
  volume = 2,
  number = {},
  pages = {464--465}
}
@ARTICLE{RTS:65,
  author = {H. E. Rauch and F. Tung and C. T. Striebel},
  year = 1965,
  title = {Maximum likelihood estimates of linear dynamic systems},
  journal = {AIAA Journal},
  volume = 3,
  number = {},
  pages = {1445--1450}
}
@ARTICLE{Kal:60,
  author = {R. E. Kalman},
  year = 1960,
  title = {A new approach to linear filtering and prediction problems},
  journal = jdsasme,
  volume = 82,
  number = {},
  pages = {35--45}
}

@INPROCEEDINGS(BP:06,
 author = {R. A. Borges and P. L. D. Peres},
 title = {{$\mathcal{H}_\infty$} {LPV} filtering for linear systems with arbitrarily time-varying parameters in polytopic domains},
 booktitle = cdc45,
 year = {2006},
 pages = {1692--1697},
 address = {San Diego, CA, USA},
 month = {December},
)

@article{CdSBT:09,
        author={D. F. Coutinho  and C. E. de{ }Souza and K. A. Barbosa and A. Trofino},
        year={2009},
        title={Robust linear {$\mathcal{H}_\infty$} filter design for a class of uncertain nonlinear systems: {A}n {LMI} approach},
        journal= siamjco,
        volume={48},
        number={3},
        pages={1452--1472},
}

@article{EG:89,
author = {A. El{ }Sayed and M. J. Grimble}, 
title = {A new approach to the $\mathcal{H}_{\infty}$ design of optimal digital linear filters},
journal = imajmci, 
volume = {6}, 
number = {2}, 
pages = {233--251}, 
month = {June},
year = {1989}, 
}

@InCollection{Gri:88,
  author = 	 {M. J. Grimble},
  editor = 	 {C. I. Byrnes and C. F. Martin and R. E. Saeks},
  booktitle = 	 {Linear Circuits, Systems and Signal Processing:
                  Theory and Applications},
  title = 	 {$\mathcal{H}_\infty$ design of optimal linear filters},
  publisher = 	 {North-Holland},
  year = 	 {1988},
  address = 	 {Amsterdam, The Netherlands},
  pages = 	 {533--540},
}

@INPROCEEDINGS{FdOOP:16a,
author={L. Frezzatto and M. C. de{ }Oliveira and R. C. L. F. Oliveira and P. L. D. Peres},
booktitle = acc16,
title={Robust {$H_{\infty}$} filtering with past output measurements},
year={2016},
pages={1900--1905},
month={July},
address = {Boston, MA, USA},
}

@article{FdOOP:16b,
author = {L. Frezzatto and M. C. de{ }Oliveira and R. C. L. F. Oliveira and P. L. D. Peres},
title = {Robust {$H_{\infty}$} filter design with past output measurements for uncertain discrete-time systems},
journal = aut, 
volume = {71}, 
pages = {151--158}, 
month = {September},
year = {2016}, 
}

