@ONLINE{NASA:2022,
    author = {NASA},
    title = {Global Climate Change : <\url{https://climate.nasa.gov/}>},
    date = {31 jan. 2022},
    url = {https://climate.nasa.gov/}
    howpublished={\url{https://climate.nasa.gov/}}
} 
