%
% As macros para os nomes de jornais e congressos estao
% no arquivo listacompleta.bib. Novos nomes devem ser
% incluidos la. Pedro, 10.11.2003
%




%
%  Proceedings
%

@Inproceedings{PdSP:01b,
        author={R. M. Palhares and C. E. de{ }Souza and P. L. D. Peres},
        title={Robust {${\mathcal{H}}_{\infty}$}  control for  uncertain
        state-delayed linear systems with {M}arkovian jumping parameters},
        booktitle={European Control Conference -- ECC 2001},
        year={2001},
        month={September},
        volume={1},
        address={Porto, Portugal},
        pages={1285--1290},
}
@Inproceedings{PdSP:01c,
        author={R. M. Palhares and C. E. de{ }Souza and P. L. D. Peres},
        title={Robust {$\mathcal{H}_\infty$} control for uncertain
discrete-time state-delayed linear systems with {M}arkovian jumping
parameters},
        booktitle={Third IFAC Workshop on Time Delay Systems},
        year={2001},
        month={December},
        volume={1},
        address={Santa Fe, New Mexico, USA},
        pages={107--112},
}


@Inproceedings{BBC:99,
        author={K. Benjelloun and E. K. Boukas and O. L. V. Costa},
        title={{${\mathcal{H}}_\infty$} control for  linear
    time-delay systems with {M}arkovian  jumping parameters},
        booktitle=cdc38,
        year={1999},
        month={December},
        volume={},
        number={},
        address={Phoenix, AZ},
        pages={1567--1572},
}


@Inproceedings{AB:98,
        author={M. D. S. Aliyu and E. K. Boukas},
        title={{${\mathcal{H}}_\infty$} control for  {M}arkovian
        jump nonlinear systems},
        booktitle=cdc37,
    month={December},
        year={1998},
        volume={},
        number={},
        address={Tampa, FL},
        pages={766--771},
}

@Inproceedings{dSF:97,
        author={C. E. de{ }Souza and M. D. Fragoso},
        title={{${\mathcal{H}}_\infty$} filtering for dicrete-time
        linear systems with {M}arkovian jumping parameters},
        booktitle=cdc36,
        year={1997},
    month={December},
        volume={},
        number={},
        address={San Diego, CA},
        pages={2181--2186},
}

@Inproceedings{dSF:96a,
        author={C. E. de{ }Souza and M. D. Fragoso},
        title={{${\mathcal{H}}_\infty$} filtering for {M}arkovian
        jump linear systems},
        booktitle=cdc35,
        year={ 1996},
    month={December},
        volume={},
        number={},
        address={Kobe, Japan},
        pages={4814--4818},
}

@Inproceedings{dSF:96b,
        author={C. E. de{ }Souza and M. D. Fragoso},
        title={Robust {${\mathcal{H}}_\infty$} filtering for
        uncertain {M}arkovian jump linear systems},
        booktitle=cdc35,
        year={1996},
    month={December},
        volume={},
        number={},
        address={Kobe, Japan},
        pages={4808--4813},
}


@Inproceedings{DET:95,
        author={F. Dufour and R. J. Elliott and A. Tsoi},
        title={Asymptotic study of estimation in filtering
        for linear systems with jumps parameters},
        booktitle=cdc34,
        year={1995},
    month={December},
        volume={},
        number={},
        address={New Orleans, LA},
        pages={3855--3856},
}


@Inproceedings{BSNA:99,
        author={E. K. Boukas and P. Shi and S. K. Nguang
    and R. K. Agarwal},
        title={On designing {${\mathcal{H}}_\infty$} controller
        for a class of nonlinear {M}arkovian jump systems
        with parametric uncertainties},
        booktitle=acc99,
        year={1995},
    month={June},
        volume={},
        number={},
        address={San Diego, CA},
        pages={970--974},
}

@Inproceedings{SBA:99a,
        author={P. Shi and E. K. Boukas and R. K. Agarwal},
        title={Robust {K}alman filtering for continuous-time
        {M}arkovian jump uncertain systems},
        booktitle=acc99,
        year={1999},
    month={June},
        volume={},
        number={},
        address={San Diego, CA},
        pages={4413--4417},
}

%
% IEEE Transactions on Automatic Control
%

@article{SBA:99c,
   author = {P. Shi and E. K. Boukas and R. K. Agarwal},
   title = {Control of {M}arkovian jump discrete-time systems with norm
    bounded uncertainty and unknown delay},
   journal = ieeetac,
   volume = 44,
   number = 11,
   pages = {2139--2144},
   year = "1999"
}

@article{SBA:99b,
   author = {P. Shi and E. K. Boukas and R. K. Agarwal},
   title = {Kalman filtering for continuous-time uncertain
            systems with {M}arkovian jump parameters},
   journal = ieeetac,
   volume = 44,
   number = 8,
   pages = {1592--1597},
   year = "1999"
}



@article{dVGO:98,
   author = {J. B. R. do Val and J. C. Geromel and O. L. V. Costa},
   title = {Uncoupled {R}iccati iterations for the linear
   quadratic control problem of discrete-time {M}arkov
   jump linear systems},
   journal = ieeetac,
   volume = 43,
   number = 12,
   pages = {1727--1733},
   year = "1998",
   month = "December",
}

@article{BB:98,
   author = {K. Benjelloun and E. K. Boukas},
   title = {Mean square stochastic stability of linear
   time-delay system with {M}arkovian jumping parameters},
   journal = ieeetac,
   volume = 43,
   number = 10,
   pages = {1456--1460},
   year = "1998"
}

@article{Cos:96,
   author = {O. L. V. Costa},
   title = {Mean-square stabilizing solutions for
   discrete-time coupled algebraic {R}iccati equations},
   journal = ieeetac,
   volume = 41,
   number = 4,
   pages = {593--598},
   year = "1996"
}

@article{A-RE:96,
   author = {M. {Ait-Rami} and L. {El Ghaoui}},
   title = {{LMI} optimization for nonstandard {R}iccati equations arising in stochastic control},
   journal = ieeetac,
   volume = 41,
   number = {},
   pages = {1666--1671},
   year = "1996"
}


@article{CF:95a,
   author = {O. L. V. Costa and M. D. Fragoso},
   title = {Discrete-time {LQ}-optimal control problems
   for infinite {M}arkov jump parameter systems},
   journal = ieeetac,
   volume = 40,
   number = 12,
   pages = {2076--2088},
   year = "1995",
  month = {December}
}

@article{Cos:94,
   author = {O. L. V. Costa},
   title = {Linear minimum mean squares error estimation
   for discrete-time {M}arkovian jump linear systems},
   journal = ieeetac,
   volume = 39,
   number = 8,
   pages = {1685--1688},
   year = "1994"
}

@article{KFJ:94,
   author = {H. Abou-Kandil and G. Freiling and G. Jank},
   title = {Solution and asymptotic behavior of coupled
   {R}iccati equations in jump linear systems},
   journal = ieeetac,
   volume = 39,
   number = 8,
   pages = {1631--1636},
   year = "1994"
}

@article{FLJC:92,
   author = {X. Feng and K. A. Loparo and Y. Ji and H. J. Chizeck},
   title = {Stochastic stability properties of jump linear systems},
   journal = ieeetac,
   volume = 37,
   number = 1,
   pages = {38--53},
   month = {January},
   year = "1992",
}


@article{JC:92,
   author = {Y. Ji and H. J. Chizeck},
   title = {Jump linear quadratic {G}aussian control
   in continuous time},
   journal = ieeetac,
   volume = 37,
   number = 12,
   pages = {1884--1892},
   year = "1992"
}

@article{JC:90a,
   author = {Y. Ji and H. J. Chizeck},
   title = {Controllability, stabilizability and continuous-time {M}arkovian jump linear-quadratic control},
   journal = ieeetac,
   volume = 35,
   number = 7,
   pages = {777--788},
   year = "1990",
   month = {July}
}


@article{BS:88,
   author = {H. A. P. Blom and Y. Bar-Shalom},
   title = {The interacting multiple model algorithm for systems
   with {M}arkovian switching coefficients},
   journal = ieeetac,
   volume = 33,
   number = {},
   pages = {780--783},
   year = "1988"
}

@article{CM:98,
   author = {O. L. V. Costa and R. P. Marques},
   title = {Mixed {$\mathcal{H}_2$/$\mathcal{H}_\infty$}-control of
   discrete-time {M}arkovian jump linear systems},
   journal = ieeetac,
   volume = 43,
   number = {1},
   pages = {95--100},
   year = "1998"
}


@article{LRE:86,
   author = {K. A. Loparo and Z. Roth and S. J. Eckert},
   title = {Nonlinear filtering for systems with random structure},
   journal = ieeetac,
   volume = 31,
   number = 11,
   pages = {1064--1068},
   year = "1986",
   month = "November",
}

%
%  JOTA
%

@article{CB:98,
   author = {O. L. V. Costa and E. K. Boukas},
   title = {Necessary and sufficient condition for robust
   stability and stabilizability of continuous-time linear
   systems with {M}arkovian jumps},
   journal = jota,
   volume = 99,
   number = 2,
   pages = {359--379},
   year = "1998"
}

@article{SB:97,
   author = {P. Shi and E. K. Boukas},
   title = {{${\mathcal{H}}_\infty$} control for {M}arkovian jumping linear systems
   with parametric uncertainty},
   journal = jota,
   volume = 95,
   number = 2,
   pages = {75--99},
   year = "1997"
}

%
% Automatica
%


@article{BY:99,
   author = {E. K. Boukas and H. Yang},
   title = {Exponential stabilizability of stochastic systems with {M}arkovian
    jumping parameters},
   journal = aut,
   volume = 35,
   number = 8,
   pages = {1437--1441},
   year = "1999"
}

@article{DSB:99,
   author = {V. Dragan and P. Shi and E. K. Boukas},
   title = {Control of singularly perturbed systems with {M}arkovian jump
        parameters: an {${\mathcal{H}}_\infty$} approach},
   journal = aut,
   volume = 35,
   number = 8,
   pages = {1369--1378},
   year = "1999"
}



@article{KFJ:95,
   author = {H. Abou-Kandil and G. Freiling and G. Jank},
   title = {On the solution of discrete-time {M}arkovian jump
   linear quadratic control problems},
   journal = aut,
   volume = 31,
   number = 5,
   pages = {765--768},
   year = "1995"
}

%
% IJC
%

@article{BSB:99a,
   author = {E. K. Boukas and P. Shi and K. Benjelloun},
   title = {On stabilization of uncertain linear systems with jump
    parameters},
   journal = ijc,
   volume = 72,
   number = 9,
   pages = {842--850},
   year = "1999"
}


@article{CdVG:97,
   author = {O. L. V. Costa and J. B. R. do Val and J. C. Geromel},
   title = {A convex programming approach to {${\mathcal{H}}_2$}-control
   of discrete-time {M}arkovian jump linear systems},
   journal = ijc,
   volume = 66,
   number = {4},
   pages = {557--579},
   year = "1997"
}

@article{JC:88,
   author = {Y. Ji and H. J Chizeck},
   title = {Controlability, observability and discrete-time
   {M}arkovian jump linear quadratic control},
   journal = ijc,
   volume = 48,
   number = {},
   pages = {481--498},
   year = "1988"
}

@article{CWC:86,
   author = {H. J. Chizeck and A. S. Willsky and D. Castanon},
   title = {Discrete-time {M}arkovian jump linear quadratic optimal control},
   journal = ijc,
   volume = 43,
   number = {},
   pages = {213--231},
   year = "1986"
}

%
% J. Math. Analysis and Appl.
%

@article{CF:93,
   author = {O. L. V. Costa and M. D. Fragoso},
   title = {Stability results for discrete-time linear
   systems with {M}arkovian jumping parameters},
   journal = jmaa,
   volume = 179,
   number = {},
   pages = {154--178},
   year = "1993"
}

%
%  J. Royal Statistical Society
%
@article{Dav:84,
   author = {M. H. A. Davis},
   title = {Piecewise deterministic {M}arkov processes: a genaral
   class of non-diffusion stochastic models},
   journal = {Journal of Royal Statistical Society; Serie B},
   volume = {46},
   number = {},
   pages = {353--388},
   year = "1984"
}

%
% SCL
%

@article{DB:94,
   author = {F. Dufour and P. Bertrand},
   title = {The filtering problem for continuous-time linear systems
   with {M}arkovian switching coefficients},
   journal = scl,
   volume = 23,
   number = {},
   pages = {453--461},
   year = "1994"
}


@article{Fra:88,
   author = {M. D. Fragoso},
   title = {On a partially observable {LQG} problem for systems
   with {M}arkovian jumping parameters},
   journal = scl,
   volume = 10,
   number = {},
   pages = {349--356},
   year = "1988"
}

%
% SIAMJCO
%

@article{Pic:93,
   author = {J. Picard},
   title = {Estimation of the quadratic variation of nearly observed
   semimartingales with applications to filtering},
   journal = siamjco,
   volume = 31,
   number = 2,
   pages = {494--517},
   year = "1993"
}

@article{FP:89,
   author = {W. H. Fleming and E. Pardoux},
   title = {Piecewise monotone filtering with small observation noise},
   journal = siamjco,
   volume = 27,
   number = 5,
   pages = {1156--1181},
   year = "1989"
}

%
% Control-Theory and Advanced Technology
%

@article{Bou:95,
   author = {E. K. Boukas},
   title = {Robust stability of linear piecewise deterministic
   systems under matching conditions},
   journal = ctat,
   volume = 10,
   number = {4},
   pages = {1541--1549},
   year = "1993"
}

@article{FdVP:95,
   author = {M. D. Fragoso and J. B. R. do Val and D. L. {Pinto Jr.}},
   title = {Jump linear {${\mathcal{H}}_\infty$} control: the discrete-time case},
   journal = ctat,
   volume = 10,
   number = {},
   pages = {1459--1474},
   year = "1995"
}

@article{dSF:93,
   author = {C. E. de{ }Souza and M. D. Fragoso},
   title = {{${\mathcal{H}}_\infty$} control for linear systems
   with {M}arkovian jumping parameters},
   journal = ctat,
   volume =10,
   number = {},
   pages = {457--466},
   year = "1993"
}


@article{Bou:93,
   author = {E. K. Boukas},
   title = {Control of systems with controlled jump
   {M}arkov disturbance},
   journal = ctat,
   volume = 9,
   number = {2},
   pages = {577--595},
   year = "1993"
}

@article{JCFL:91,
   author = {Y. Ji and H. J. Chizeck and X. Feng and K. A. Loparo},
   title = {Stability and control of discrete-time jump linear
systems},
   journal = ctat,
   volume = 7,
   number = {},
   pages = {247--270},
   year = "1991"
}

@article{JC:90b,
   author = {Y. Ji and H. J. Chizeck},
   title = {Jump linear quadratic {G}aussian control: steady-state and
   testable conditions},
   journal = ctat,
   volume = 6,
   number = {},
   pages = {289--319},
   year = "1990"
}

%
% IJSS
%

@article{SBA:99d,
   author = {P. Shi and E. K. Boukas and R. K. Agarwal},
   title = {Robust control for {M}arkovian jumping discrete-time systems},
   journal = ijss,
   volume = 30,
   number = 8,
   pages = {787--797},
   year = "1999"
}

%
% jdsasme
%

@article{BSB:99b,
   author = {E. K. Boukas and P. Shi and K. Benjelloun},
   title = {Robust stochastic stabilization of discrete-time
    linear systems with {M}arkovian jumping
    parameters},
   journal = jdsasme,
   volume = 121,
   number = 2,
   pages = {331--334},
   year = "1999"
}

@article{CA-FBM:99,
   author = {O. L. V. Costa and E. O. {Assump\c{c}\~{a}o Filho}
and E. K. Boukas and R. P. Marques},
   title = {Constrained quadratic state feedback control of discrete-time {M}arkovian jump linear systems},
   journal = aut,
   volume = 35,
   number = 4,
   pages = {617--626},
   year = "1999",
   month={April},
}


@article{CL:99,
   author = {Y. Y. Cao and J. Lam},
   title = {Stochastic stabilizability and  {${\mathcal{H}}_\infty$} control
    for discrete-time jump linear systems with time-delay},
   journal = jfi,
   volume = 336,
   number = 8,
   pages = {1263--1281},
   year = "1999",
   month={November},
}

@article{dVGG:02,
   author = {J. B. R. do Val and J. C. Geromel and A. P. C. Gon{\c{c}al}ves},
   title = {The {${\mathcal{H}}_2$}-control for jump linear systems: {C}luster observations of
   the {M}arkov state},
   journal = aut,
   volume = 38,
   number = 2,
   pages = {343--349},
   year = "2002",
   month={February},
}

@BOOK{CFM:05,
    author = {O. L. V. Costa and M. D. Fragoso and R. P. Marques},
    year = {2005},
    title = {Discrete-Time Markovian Jump Linear Systems},
    publisher = {Springer-Verlag},
    address = {New York, NY, USA},
}

@Book{MMY:06,
    author = {R. A. Maronna and D. R. Martin and V. J. Yohai},
    title = {Robust Statistics: Theory and Methods},
    publisher = {John Wiley {\&} Sons, Inc.},
    address = {New York, NY},
    year = {2006},
}

@Article{WYHL:05,
    author = {Z. Wang  and F. Yang  and D. W. C. Ho and X. Liu},
    title = {Robust finite-horizon filtering for stochastic systems with missing measurements},
    journal = ieeespl,
    year = {2005},
    volume = {12},
    number = {6},
    pages = {437--440}
}

@Article{BH:03,
    author = {A. {El Bouhtouri} and K. {El Hadri}},
    title = {Robust stabilization of jump linear systems with multiplicative noise},
    journal = imajmci,
    year = {2003},
    volume = {20},
    number = {1},
    pages = {1--19}
}

@ARTICLE{dSo:06,
    author =    "C. E. de{ }Souza",
    title =    "Robust stability and stabilization of uncertain discrete-time {M}arkovian jump linear systems",
    journal =   ieeetac,
    month =     "May",
    year =      "2006",
    volume =    "51",
    number =    "5",
    pages =     "836--841",
}

@ARTICLE{BS:98,
    author =    "E. K. Boukas and P. Shi",
    title =    "Stochastic stability and guaranteed cost control of discrete-time uncertain systems with {M}arkovian jumping parameters ",
    journal =   ijrnlc,
    year =      "1998",
    volume =    "8",
    number =    "13",
    pages =     "1155--1167",
}

@ARTICLE{dSC:06,
    author =    "C. E. de{ }Souza and D. F. Coutinho",
    title =    "Robust stability of a class of uncertain {M}arkov jump nonlinear systems",
    journal =   ieeetac,
    month =     "November",
    year =      "2006",
    volume =    "51",
    number =    "11",
    pages =     "1825--1831",
}

@ARTICLE{CdVF:05,
  AUTHOR =       {E. F. Costa and J. B. R. {do Val} and M. D. Fragoso},
  TITLE =        {A new approach to detectability of discrete-time infinite {M}arkov jump linear systems},
  JOURNAL =      siamjco,
  YEAR =         {2005},
  volume =       {43},
  number =       {6},
  pages =        {2132--2156},
}

@ARTICLE{KM:06,
  AUTHOR =       {K. D. Kuhn and S. M. Madanat},
  TITLE =        {A new approach to detectability of discrete-time infinite {M}arkov jump linear systems},
  JOURNAL =      {Computer-Aided Civil and Infrastructure Engineering},
  YEAR =         {2006},
  volume =       {21},
  number =       {3},
  pages =        {171--178},
  note =         {Postprint available free at: http://repositories.cdlib.org/postprints/1260},
}

@ARTICLE{NE:05,
    author =     "A. Nilim and L. {El Ghaoui}",
    title =     "Robust control of {M}arkov decision processes with uncertain transition matrices",
    journal =     "Operations Research", 
    month =      "September-October",
    year =      "2005",
    volume =      "53",
    number =      "5",
    pages =      "780--798",
} 

@article{LD:07a,
   Author = {J.-W. Lee and  G. E. Dullerud},
   Title = {A stability and contractiveness analysis of discrete-time {M}arkovian jump linear systems},
   Journal = aut,
   Volume = {43},
   Number = {1},
   Pages = {168--173},
   Month = {January},
   Year = {2007}
}

@article{BS:75,
   author = {W. P. Blair and D. D. Sworder},
   title = {Feedback control of a class of linear discrete systems with jump parameters and quadratic cost criteria},
   journal = ijc,
   volume = {21},
   number = {5},
   pages = {833--841},
   year = {1975}
}

@article{KMP:02,
   author = {M. Khanbaghi and R. P. Malhame and M. Perrier},
   title = {Optimal white water and broke recirculation policies in paper mills via jump linear quadratic control},
   journal = ieeetac,
   volume = {10},
   number = {4},
   pages = {578--588},
   year = {2002}
}

@article{SS:05,
   author = {P. Seiler and R. Sengupta},
   title = {An {$\mathcal{H}_{\infty}$} approach to networked control},
   journal = ieeetac,
   volume = {50},
   number = {3},
   pages = {356--364},
   year = {2005},
   month = {March}
}

@article{CdP:07,
   author = {O. L. V. Costa and W. L. de Paulo},
   title = {Indefinite quadratic with linear costs optimal control of {M}arkov jump with multiplicative noise systems},
   journal = aut,
   volume = {43},
   number = {4},
   pages = {587--597},
   year = {2007},
   month = {April}
}

@article{Zam:06,
   author = {F. Zampolli},
   title = {Optimal monetary policy in a regime-switching economy: {T}he response to abrupt shifts in
exchange rate dynamics},
   journal = {Journal of Economic Dynamics and Control},
   volume = {30},
   number = {9--10},
   pages = {1527--1567},
   year = {2006},
   month = {September-October}
}


@ARTICLE{dSTB:06,
	 author =	 "C. E. de{ }Souza and A. Trofino and K. A. Barbosa",
	 title = 	"Mode-independent {$\mathcal{H}_\infty$} filters for {M}arkovian jump linear systems",
	 journal = 	 ieeetac,
     month = 	 "November",
	 year = 	 "2006",
	 volume = 	 "51",
	 number = 	 "11",
	 pages = 	 "1837--1841",
}

%%%%%%% Novos bibs Marcio/Cecilia arrumados no padrao

@ARTICLE{OVdVP:09,
  author = {R. C. L. F. Oliveira and A. N. Vargas and J. B. R. {do Val} and P. L. D. Peres},
  title = {Robust stability, {$\mathcal{H}_{2}$} analysis and stabilisation of
	discrete-time {M}arkov jump linear systems with uncertain probability
	matrix},
  journal = ijc,
  year = {2009},
  volume = {82},
  pages = {470--481},
  number = {3},
  month = {March},
}

@BOOK{Bou:05,
  title = {Stochastic Switching Systems: Analysis and Design},
  publisher = {Birkh\"{a}user},
  year = {2005},
  author = {E. K. Boukas},
  address = {Berlin, Germany},
}

@ARTICLE{XLGH:05,
  author = {J. Xiong and J. Lam and H. Gao and D. W. C. Ho},
  title = {On robust stabilization of {M}arkovian jump systems with uncertain
	switching probabilities},
  journal = aut,
  year = {2005},
  volume = {41},
  pages = {897--903},
  number = {5},
  month ={May},
}

@ARTICLE{MBC:10,
  author = {S. Ma  and E. K. Boukas  and Y. Chinniah},
  title = {Stability and stabilization of discrete-time singular {M}arkov jump
	systems with time-varying delay},
  journal =ijrnlc,
  year = {2010},
  volume = {20},
  pages = {531--543},
  number = {5},
  month = {March},
}

@inproceedings{MB:09,
  author = {S. P. Ma and E. K. Boukas},
  title = {Robust quadratic control of discrete-time singular {M}arkov jump systmes
	with bounded transition probabilities},
  booktitle = acc09,
  address =      {St. Louis, MO, USA},
  month =        {June},
  year = {2009},
  pages = {4044--4049},
}

@inproceedings{Bou:09,
  author = {E. K. Boukas},
  title = {Guaranteed cost for stochastic systems with unknown transition jump
	rate},
  booktitle = acc09,
  address =      {St. Louis, MO, USA},
  month =        {June},
  year = {2009},
  pages = {4422--4427},
}

@ARTICLE{ZB:09,
  author = {L. Zhang and E. K. Boukas},
  title = {Stability and stabilization of {M}arkovian jump linear systems with
	partly unknown transition probabilities},
  journal = aut,
  year = {2009},
  volume = {45},
  pages = {463--468},
  number = {2},
  month = {February},
}

@ARTICLE{ZB:09a,
  author = {L. Zhang and E. K. Boukas},
  title = {Mode-dependent filtering for discrete-time {M}arkovian jump linear
	systems with partly unknown transition probabilities},
  journal = aut,
  year = {2009},
  volume = {45},
  pages = {1462--1467},
  number = {6},
  month = {June},
}

%%%%%%% Acrescentei em 7/12/2012

@ARTICLE{Bou:09a,
  author = {E. K. Boukas},
  title = {$\mathcal{H}_{\infty}$ control of discrete-time {M}arkov jump systems
	with bounded transition probabilities},
  journal = ocam,
  year = {2009},
  volume = {30},
  pages = {477--494},
  number = {5},
}

@INPROCEEDINGS{BMOP:13a,
    author={M. F. Braga and C. F. Morais and R. C. L. F. Oliveira and P. L. D. Peres},
    title={Robust stability and stabilization of discrete-time {M}arkov jump linear systems with partly unknown transition probability matrix},
    BOOKTITLE =   acc13,
  YEAR =         {2013},
  address =      {Washington, DC, USA},
  month =        {June},
  pages =            {6800--6805},
}

% IET-CTA

@ARTICLE{LLS:10,
  author = {X. Luan and F. Liu and P. Shi},
  title = {Finite-time filtering for non-linear stochastic systems with partially
	known transition jump rates},
  journal = ietcta,
  year = {2010},
  volume = {4},
  pages = {735--745},
  number = {5},
  month = {May},
}

@ARTICLE{MZZ:11,
  author = {S. Ma and C. Zhang and S. Zhu},
  title = {Robust stability for discrete-time uncertain singular {M}arkov jump
	systems with actuator saturation},
  journal = ietcta,
  year = {2011},
  volume = {5},
  pages = {255--262},
  number = {2},
  month = {January},
}

@ARTICLE{SY:12,
  author = {M. Shen and G.-H. Yang},
  title = {New analysis and synthesis conditions for continuous {M}arkov jump
	linear systems with partly known transition probabilities},
  journal = ietcta,
  year = {2012},
  volume = {6},
  pages = {2318--2325},
  number = {14},
  month = {September},
}

@ARTICLE{ZB:09b,
  author = {L. Zhang and E. K. Boukas},
  title = {$\mathcal{H}_{\infty}$ control of a class of extended {M}arkov jump linear systems},
  journal = ietcta,
  year = {2009},
  volume = {3},
  pages = {834--842},
  number = {7},
  month = {July},
}


@ARTICLE{ZB:09c,
  author = {L. Zhang and E. K. Boukas},
  title = {$\mathcal{H}_{\infty}$ control for discrete-time {M}arkovian jump linear
    systems with partly unknown transition probabilities},
  journal = ijrnlc,
  year = {2009},
  volume = {19},
  pages = {868--883},
  number = {8},
  month = {July},
}


@INPROCEEDINGS{VFdV:07,
  author = {A. N. Vargas and W. Furloni and J. B. R. {do Val}},
  title = {Control of observed {M}arkov jump linear systems with constraints
	on state and input: {A} necessary optimality condition},
  booktitle = sssc07,
  year = {2007},
  pages = {250--255},
  address = {Foz do Iguassu, PR, Brazil},
  month = {October},
}

@ARTICLE{XL:09,
  author = {J. Xiong  and J. Lam},
  title = {Robust {$\mathcal{H}_{2}$} control of {M}arkovian jump systems with
	uncertain switching probabilities},
  journal = ijss,
  year = {2009},
  volume = {40},
  pages = {255--265},
  number = {3},
  month = {March},
}

@ARTICLE{ZHWZ:12,
  author = {Y. Zhang  and Y. He and M. Wu  and J. Zhang},
  title = {State estimation for {M}arkovian jump systems with time-varying delay
	and partial information on transition probabilities},
  journal = ietcta,
  year = {2012},
  volume = {6},
  pages = {2549--2555},
  number = {16},
  month = {January},
}

@ARTICLE{ZLWL:12,
  author = {Z. Zuo and Y. Liu and Y. Wang  and H. Li},
  title = {Finite-time stochastic stability and stabilisation of linear discrete-time
	{M}arkovian jump systems with partly unknown transition probabilities},
  journal = ietcta,
  year = {2012},
  volume = {6},
  pages = {1522--1526},
  number = {10},
  month = {May},
}

@ARTICLE{MBOP:13b,
  author = {C. F. Morais and M. F. Braga and R. C. L. F. Oliveira and P. L. D. Peres},
  title = {{$\mathcal{H}_{2}$} control of discrete-time {M}arkov jump linear systems with
uncertain transition probability matrix:  {I}mproved linear matrix inequality relaxations and multi-simplex modeling},
  journal = ietcta,
  year = {2013},
  volume = {7},
  pages = {1665--1674},
  month = {August},
}



@ARTICLE{FGG:13,
  author = {A. R. Fioravanti and A. P. C. Gon{\c{c}al}ves and J. C. Geromel},
  title = {Discrete-time {$\mathcal{H}_{\infty}$} output feedback for {M}arkov
	jump systems with uncertain transition probabilities},
  journal = ijrnlc,
  year = {2013},
  volume = {23},
  pages = {894--902},
  number = {8},
  month = {March},
}

@INPROCEEDINGS{CW:10,
  author = {W.-W. Che and J.-L. Wang},
  title = {Static output feedback {$\mathcal{H}_{\infty}$} control for discrete-time
	{Markov} jump linear systems},
  booktitle = {Proceedings of the 8th IEEE International Conference
on Control and Automation (ICCA'10)},
  year = {2010},
  pages = {2278--2283},
  month = {June},
  address = {Xiamen, China}, 
}

@ARTICLE{GFG:12,
  author = {A. P. C. Gon\c{c}alves and A. R. Fioravanti and J. C. Geromel},
  title = {{$\mathcal{H}_{\infty}$} robust and networked control of discrete-time
{MJLS} through {LMI}s},
  journal = jfi,
  year = {2012},
  volume = {349},
  pages = {2171--2181},
  number = {6},
  month = {August},
}


@ARTICLE{SS:03,
  author = {P. Seiler and R. Sengupta},
  title = {A bounded real lemma for jump systems},
  journal = ieeetac,
  year = {2003},
  volume = {48},
  pages = {1651--1654},
  number = {9},
  month = {September},
}


@ARTICLE{LS:12,
  author = {H. Li and Y. Shi},
  title = {Robust {${\mathcal{H}}_\infty$} filtering for nonlinear stochastic
	systems with uncertainties and {M}arkov delays},
  journal = aut,
  year = {2012},
  volume = {48},
  pages = {159--166},
  number = {1},
  month = {January},
}

@ARTICLE{dSF:03,
  author = {C. E. de{ }Souza and M. D. Fragoso},
  title = {{${\mathcal{H}}_\infty$} filtering for discrete-time linear systems
	with {M}arkovian jumping parameters},
  journal = ijrnlc,
  year = {2003},
  volume = {13},
  pages = {1299--1316},
  number = {14},
  month = {December},
}


@ARTICLE{GFG:09,
  author = {A. P. C. Gon{\c{c}al}ves and A. R. Fioravanti and J. C. Geromel},
  title = {{${\mathcal{H}}_\infty$} filtering of discrete-time {M}arkov jump
	linear systems through linear matrix inequalities},
  journal = ieeetac,
  year = {2009},
  volume = {54},
  pages = {1347--1351},
  number = {6},
  month = {June},
}

@ARTICLE{GFG:11,
  author = {A. P. C. Gon{\c{c}al}ves and A. R. Fioravanti and J. C. Geromel},
  title = {Filtering of discrete-time {M}arkov jump linear systems with uncertain
	transition probabilities},
  journal = ijrnlc,
  year = {2011},
  volume = {21},
  pages = {613--624},
  number = {6},
  month = {April},
}

@INPROCEEDINGS{GFA-RG:11,
  author = {A. P. C. Gon{\c{c}al}ves and A. R. Fioravanti and M. A. Al-Radhawi and J. C. Geromel},
  title = {{$\mathcal{H}_{\infty}$} state feedback control of discrete-time {M}arkov jump linear systems through linear matrix inequalities},
  booktitle = ifac11,
  year = {2011},
  pages = {12620--12625},
month = {August},
address = {Milano, Italy},
}


@ARTICLE{CdV:96,
  author = {O. L. V. Costa and J. B. R. do{ }Val},
  title = {Full information {$\mathcal{H}_{\infty}$}-control for discrete-time
	infinite {M}arkov jump parameter systems},
  journal = jmaa,
  year = {1996},
  volume = {202},
  pages = {578--603},
  number = {2},
  month = {September},
}




@INPROCEEDINGS{dSo:03,
  author = {C. E. de{ }Souza},
  title = {A mode-independent {$\mathcal{H}_{\infty}$} filter design for discrete-time
	{M}arkovian jump linear systems},
  booktitle = cdc42,
  year = {2003},
  volume = {3},
  pages = {2811--2816},
 address = "Maui, HI, USA",
 month = "December"
}

@ARTICLE{SY:12b,
  author = {M. Shen and G.-H. Yang},
  title = {$\mathcal{H}_{2}$ filter design for discrete-time {M}arkov jump
	linear systems with partly unknown transition probabilities},
  journal = ocam,
  year = {2012},
  volume = {33},
  pages = {318--337},
  number = {3},
  month = {May/June},
}


@ARTICLE{FGG:08,
  author = {A. R. Fioravanti and A. P. C. Gon{\c{c}al}ves  and J. C. Geromel},
  title = {$\mathcal{H}_{2}$ Filtering of discrete-time {M}arkov jump linear systems through linear matrix inequalities},
  journal = ijc,
  year = {2008},
  volume = {81},
  pages = {1221--1231},
  number = {8},
}

@ARTICLE{LFS:11,
  author = {J. Lin and S. Fei and J. Shen},
  title = {Delay-dependent {$\mathcal{H}_{\infty}$} filtering for discrete-time
	singular {M}arkovian jump systems with time-varying delay and partially
	unknown transition probabilities},
  journal = sp,
  year = {2011},
  volume = {91},
  pages = {277--289},
  number = {2},
  month = {February}
}

@ARTICLE{LZL:12,
  author = {S. Long and S. Zhong and Z. Liu},
  title = {{$\mathcal{H}_{\infty}$} filtering for a class of singular {M}arkovian
	jump systems with time-varying delay},
  journal = sp,
  year = {2012},
  volume = {92},
  pages = {2759--2768},
  number = {11},
  month = {November}, 
}

@ARTICLE{LLZX:13,
  author = {L. Li and F. Li and Z. Zhang and J. Xu},
  title = {On mode-dependent filtering for network-based discrete-time systems},
  journal = sp,
  year = {2013},
  volume = {93},
  pages = {634--640},
  number = {4},
  month ={April}, 
}

@BOOK{CFT:13,
  title = {Continuous-Time {M}arkov Jump Linear Systems},
  publisher = {Springer-Verlag},
  year = {2013},
  author = {O. L. V. Costa and M. D. Fragoso and M. G. Todorov},
  address = {Berlin, Germany},
}

@ARTICLE{ZL:10,
  author = {L. Zhang and J. Lam},
  title = {Necessary and sufficient conditions for analysis and synthesis of
	{M}arkov jump linear systems with incomplete transition descriptions},
  journal = ieeetac,
  year = {2010},
  volume = {55},
  pages = {1695--1701},
  number = {7},
  month = {July}
}

@ARTICLE{WQKW:13,
  author = {Y. Wei and J. Qiu and H. R. Karimi and M. Wang},
  title = {A new design of $\mathcal{H}_{\infty}$ filtering for continuous-time
	{M}arkovian jump systems with time-varying delay and partially accessible
	mode information},
  journal = sp,
  year = {2013},
  volume = {93},
  pages = {2392--2407},
  number = {9},
  month = {September}, 
}

@ARTICLE{LHS:08,
  author = {H. Liu and D. W. C. Ho and F. Sun},
  title = {Design of {$\mathcal{H}_{\infty}$} filter for {M}arkov jumping linear
	systems with non-accessible mode information},
  journal = aut,
  year = {2008},
  volume = {44},
  pages = {2655--2660},
  number = {10},
  month = {October},
}

@ARTICLE{dFGdVC:00,
  author = {D. P. {de Farias} and J. C. Geromel and J. B. R. {do Val} 
             and O. L. V. Costa},
  title = {Output feedback control of {M}arkov jump linear systems in continuous-time},
  journal = ieeetac,
  year = {2000},
  volume = {45},
  pages = {944--949},
  number = {5},
  month = {May}, 
}

@ARTICLE{GFG:10,
  author = {A. P. C. Gon{\c{c}al}ves and A. R. Fioravanti and J. C. Geromel},
  title = {Markov jump linear systems and filtering through network transmitted
	measurements},
  journal = sp,
  year = {2010},
  volume = {90},
  pages = {2842--2850},
  number = {10},
  month = {October},
}

@ARTICLE{MAM:12,
  author = {M. Mohammadian and A. H. Abolmasoumi and H. R. Momeni},
  title = {{$\mathcal{H}_{\infty}$} mode-independent filter design for {M}arkovian
	jump genetic regulatory networks with time-varying delays},
  journal = nc,
  year = {2012},
  volume = {87},
  pages = {10--18},
  month={June},
}

@ARTICLE{SY:12a,
  author = {M. Shen and G.-H. Yang},
  title = {$\mathcal{H}_{2}$ state feedback controller design for continuous
	{M}arkov jump linear systems with partly known information},
  journal = ijss,
  year = {2012},
  volume = {43},
  pages = {786-796},
  number = {4},
}

@INPROCEEDINGS{AE:95,
  author = {M. Ait-Rami and L. {El Ghaoui}},
  title = {$\mathcal{H}_{\infty}$ state-feedback control of jump linear systems},
  booktitle = cdc34,
  year = {1995},
  pages = {951--952},
  address = {New Orleans, LA, USA},
  month = {December},
  doi = {10.1109/CDC.1995.479108},
}

@INPROCEEDINGS{AS:09,
  author = {M. Ait-Rami and J. Shamma},
  title = {Hybrid positive systems subject to {M}arkovian switching},
  booktitle = {Proceedings of the 3rd IFAC Conference on Analysis and Design of
	Hybrid Systems},
  year = {2009},
  pages = {138--143},
  address = {Zaragoza, Spain},
  month = {September},
}


@ARTICLE{SB:14,
  author = {T. Senthilkumar and P. Balasubramaniam},
  title = {Non-fragile robust stabilization and {$\mathcal{H}_{\infty}$} control
	for uncertain stochastic time delay systems with {M}arkovian jump
	parameters and nonlinear disturbances},
  journal = ijacsp,
  year = {2014},
  volume = {28},
  pages = {464--478},
  number = {3-5},
  month = {March--May},
}

@ARTICLE{SB:11,
  author = {T. Senthilkumar and P. Balasubramaniam},
  title = {Delay-dependent robust stabilization and {$\mathcal{H}_{\infty}$} control
	for nonlinear stochastic systems with {M}arkovian jump parameters
	and interval time-varying delays},
  journal = jota,
  year = {2011},
  volume = {151},
  pages = {100--120},
  number = {1},
  month = {May},
}

@ARTICLE{DY:08c,
  author = {J. Dong and G.-H. Yang},
  title = {Robust {$\mathcal{H}_{2}$} control of continuous-time {M}arkov jump
	linear systems},
  journal = aut,
  year = {2008},
  volume = {44},
  pages = {1431--1436},
  number = {5},
  month = {May},
}

@INPROCEEDINGS{MBOP:14,
  author = {C. F. Morais and M. F. Braga and R. C. L. F. Oliveira and P. L. D. Peres},
    title = {$\mathcal{H}_\infty$ static output feedback control of discrete-time {M}arkov jump linear
             systems with uncertain transition probability matrix},
    booktitle = acc14,
    year = "2014",
    address = {Portland, OR, USA},
    month = {June},
    pages = {489--494},
}

@ARTICLE{GGF:09,
  author = {J. C. Geromel and A. P. C. Gon\c{c}alves and A. R. Fioravanti},
  title = {Dynamic output feedback control of discrete-time {M}arkov jump linear
	systems through linear matrix inequalities},
  journal = siamjco,
  year = {2009},
  volume = {48},
  pages = {573--593},
  number = {2},
}

@article{MBOP:16a,
  title={$\mathcal{H}_\infty$ and {$\mathcal{H}_{2}$} control design for polytopic continuous-time {M}arkov jump linear systems with uncertain transition rates},
  author={C. F. Morais and M. F. Braga and R. C. L. F. Oliveira and P. L. D. Peres},
  journal=ijrnlc, 
  volume = {26},
  pages = {599--612},
  number = {3},
  month = {February},
  year={2016},
}

@ARTICLE{MBOP:15a,
  author = {C. F. Morais and M. F. Braga and R. C. L. F. Oliveira and P. L. D. Peres},
  title = {Robust {$\mathcal{H}_{\infty}$} state feedback control for {MJLS} with uncertain probabilities},
  journal = aut,
  year = {2015},
  volume = {52},
  pages = {317--431},
  number = {2},
  month = {February},
}

@INPROCEEDINGS{MBLOP:14a,
  author = {C. F. Morais and M. F. Braga and M. J. Lacerda and R. C. L. F. Oliveira
	and P. L. D. Peres},
  title = {$\mathcal{H}_{\infty}$ filter design through multi-simplex modeling
	for discrete-time {M}arkov jump linear systems with partly unknown
	transition probability matrix},
  booktitle = ifac14,
  year = {2014},
  pages = {5049--5054},
  address = {Cape Town, South Africa},
  month = {August},
}

@INPROCEEDINGS{MBLOP:14c,
  author = {C. F. Morais and M. F. Braga and M. J. Lacerda and R. C. L. F. Oliveira and P. L. D. Peres},
    title = {$\mathcal{H}_2$ filter design through multi-simplex modeling for discrete-time {M}arkov jump linear systems with partly unknown transition
             probability matrix},
    booktitle = cdc53,
    year = "2014",
    address = {Los Angeles, CA, USA},
    month = {December},
    pages = {6585--6590},
}


@INPROCEEDINGS{CFG:14,
  author = {C. B. Cardeliquio and A. R. Fioravanti and A. P. C. Gon{\c{c}al}ves},
  title = {$\mathcal{H}_{2}$~output-feedback control of continuous-time {MJLS}
	with uncertain transition rates},
  booktitle = cdc53,
  year = {2014},
  pages = {1097--1102},
  address = {Los Angeles, CA, USA},
  month = {December},
}


@ARTICLE{KSK:06,
  author = {M. Karan and P. Shi and C. Y. Kaya},
  title = {Transition probability bounds for the stochastic stability robustness
	of continuous- and discrete-time {M}arkovian jump linear systems},
  journal = aut,
  year = {2006},
  volume = {42},
  pages = {2159--2168},
  number = {12},
  month = {December},
}


@ARTICLE{TF:08,
  author = {M. G. Todorov and M. D. Fragoso},
  title = {Output feedback $\mathcal{H}_{\infty}$ control of continuous-time
	infinite {M}arkovian jump linear systems via {LMI} methods},
  journal = siamjam,
  year = {2008},
  volume = {47},
  pages = {950--974},
  number = {2},
}

@INPROCEEDINGS{MBOP:16b,
  author = {C. F. Morais and M. F. Braga and R. C. L. F. Oliveira and P. L. D.	Peres},
  title = {{LMI}-based design of $\mathcal{H}_\infty$ dynamic output feedback
	controllers for {MJLS} with uncertain transition probabilities},
  booktitle = acc16,
  year = {2016},
  pages = {5650--5655},
  address = {Boston, MA, USA},
  month = {July},
}


@BOOK{KV:86,
  title = {Stochastic {S}ystems: Estimation, {I}dentification, and {A}daptive
	{C}ontrol},
  publisher = {Prentice Hall},
  year = {1986},
  author = {P. R. Kumar and P. Varaiya},
  address = {Englewood Cliffs, NJ, USA},
}

@ARTICLE{Koz:69,
  author = {F. Kozin},
  title = {A survey of stability of stochastic systems},
  journal = aut,
  year = {1969},
  volume = {5},
  pages = {95--112},
  number = {1},
  month = {January},
}


@MASTERSTHESIS{Fio:07,
  author = {A. R. Fioravanti},
  title = {Filtragem de sistemas discretos com pa{r\^a}metros sujeitos a saltos
	markovianos},
  school = {FEEC -- Universidade Estadual de Campinas},
  year = {2007},
  type = {{M.Sc. Thesis}},
  address = {Campinas, SP},
  month = {Outubro},
}

@INPROCEEDINGS{FGG:11,
  author = {A. R. Fioravanti and A. P. C. Gon{\c{c}al}ves and J. C. Geromel},
  title = {Filter inputs with {M}arkovian lossy links: {Z}ero or hold?},
  booktitle = icca11,
  year = {2011},
  pages = {656--661},
  address = {Santiago, Chile},
  month = {December},
}

@INPROCEEDINGS{PCGGO:15,
    author = {J. M. Palma and L. P. Carvalho and A. P. C. Gon{\c{c}al}ves and C. E.
    Galarza and A. M. de{ }Oliveira},
    title = {Application of control theory {M}arkov systems to minimize the number
    of transmissions in a multi-hop network},
    booktitle = apcase15,
    year = {2015},
    pages = {296--301},
    address = {Quito, Ecuador},
    month = {July},
}

@ARTICLE{Kri:90,
  author = {K. R. Krishnan},
  title = {Markov decision algorithms for dynamic routing (telephone networks)},
  journal = ieeecm,
  year = {1990},
  volume = {28},
  pages = {66--69},
  number = {10},
  month = {October},
}


@ARTICLE{CT:04,
  author = {O. L. V. Costa and E. F. Tuesta},
  title = {$\mathcal{H}_2$-control and the separation principle for discrete-time
	{M}arkovian jump linear systems},
  journal = mcss,
  year = {2004},
  volume = {16},
  pages = {320--350},
  number = {4},
  month = {March},
}

@ARTICLE{FGG:15,
  author = {A. R. Fioravanti and A. P. C. Gon{\c{c}}alves and J. C. Geromel},
  title = {Optimal $\mathcal{H}_2$ and $\mathcal{H}_{\infty}$ mode-independent
	filters for generalised {B}ernoulli jump systems},
  journal = ijss,
  year = {2015},
  volume = {46},
  pages = {405--417},
  number = {3},
  month = {June},
}

@ARTICLE{CG:02a,
  author = {O. L. V. Costa and S. Guerra},
  title = {Stationary filter for linear minimum mean square error estimator
	of discrete-time {M}arkovian jump systems},
  journal = ieeetac,
  year = {2002},
  volume = {47},
  pages = {1351--1356},
  number = {8},
  month = {August},
}

@ARTICLE{CG:02b,
  author = {O. L. V. Costa and S. Guerra},
  title = {Robust linear filtering for discrete-time hybrid {M}arkov linear systems},
  journal = ijc,
  year = {2002},
  volume = {75},
  pages = {712--727},
  number = {10},
  month = {November},
}

@ARTICLE{LLGX:16,
  author = {X. Li and J. Lam and H. Gao and J. Xiong},
  title = {$\mathcal{H}_{\infty}$ and $\mathcal{H}_2$ filtering for linear systems
	with uncertain {M}arkov transitions},
  journal = {Automatica},
  year = {2016},
  volume = {67},
  pages = {252--266},
  month = {May},
}

@ARTICLE{FGG:14,
  author = {A. R. Fioravanti and A. P. C. Gon{\c{c}}alves and  J. C. Geromel},
  title = {Optimal $\mathcal{H}_2$ and $\mathcal{H}_\infty$ mode-independent
	control for generalized {B}ernoulli jump systems},
  journal = jdsasme,
  year = {2014},
  volume = {136},
  pages = {{011004--011004-6}},
  number = {1},
  month = {January},
}

@ARTICLE{TF:16,
  author = {M. G. Todorov and M. D. Fragoso},
  title = {New methods for mode-independent robust control of {M}arkov jump
	linear systems},
  journal = scl,
  year = {2016},
  volume = {90},
  pages = {38--44},
  month = {April},
}

@ARTICLE{CFT:15,
  author = {O. L. V. Costa and M. D. Fragoso and M. G. Todorov},
  title = {A detector-based approach for the $\mathcal{H}_{2}$ control of {M}arkov
	jump linear systems with partial information},
  journal = ieeetac,
  year = {2015},
  volume = {60},
  pages = {1219--1234},
  number = {5},
  month = {May},
}

@INPROCEEDINGS{TFC:15,
  author = {M. G. Todorov and M. D. Fragoso and O. L. V. Costa},
  title = {A new approach for the $\mathcal{H}_\infty$ control of {M}arkov jump
	linear systems with partial information},
  booktitle = cdc54,
  year = {2015},
  pages = {3592--3597},
  address = {Osaka, Japan},
  month = {December},
}

@ARTICLE{DH:17,
  author = {N. T. Dzung and L. V. Hien},
  title = {Stochastic stabilization of discrete-time {M}arkov jump systems with
	generalized delay and deficient transition rates},
  journal = cssp,
  year = {2017},
  volume = {36},
  pages = {2521--2541},
  number = {6},
  month = {June},
}

@Article{LDC:17,
  author   = {H. Liu and Y. Ding and J. Cheng},
  title    = {New results on $\mathcal{H}_\infty$~filtering for {M}arkov jump systems with uncertain transition rates},
  journal  = isat,
  year     = {2017},
  volume   = {69},
  pages    = {43--50},
  month    = {July},
  doi      = {https://doi.org/10.1016/j.isatra.2017.04.015},
  keywords = {H∞ filtering, Markov jump systems, Time-varying uncertain transition rates, Parameter-dependent Lyapunov function},
  url      = {http://www.sciencedirect.com/science/article/pii/S0019057817303853},
}

@Article{GDC:16,
  author   = {J. C. Geromel and G. S. Deaecto and P. Colaneri},
  title    = {Minimax control of {M}arkov jump linear systems},
  journal  = ijacsp,
  year     = {2016},
  volume   = {30},
  number   = {8-10},
  pages    = {1152--1162}, 
  month    = {August-October},  
}

