@ARTICLE{FWP:07,
  AUTHOR =       "L. Feng and J. L. Wang and E. K. Poh",
  TITLE =        "Improved robust model predictive control with structured uncertainty",
  JOURNAL =      jpc,
  YEAR =         "2007",
  volume =       "8",
  pages =        "683--688",
 month = 	"September"
}

@ARTICLE{WR:04a,
  AUTHOR =       "Y. J. Wang and J. B. Rawlings",
  TITLE =        "A new robust model predictive control method {I}: theory and computation",
  JOURNAL =      jpc,
  YEAR =         "2004",
  volume =       "14",
  number = 	  "3",
	pages =        "231--247",
	month = "April",
}

@ARTICLE{WR:04b,
  AUTHOR =       "Y. J. Wang and J. B. Rawlings",
  TITLE =        "A new robust model predictive control method {II}: examples",
  JOURNAL =      jpc,
  YEAR =         "2004",
  volume =       "14",
  number = 	  "3",
	pages =        "249--262",
	month = "April",
}

@ARTICLE{GPM:89,
  AUTHOR =       "C. E. Garc{\'{\i}}a and D. M. Prett and M. Morari",
  TITLE =        "Model predictive control: {T}heory and practice --- {A} survey",
  JOURNAL =      aut,
  YEAR =         "1989",
  volume =       "25",
  number =       "3",
  pages =        "335--348", 
  month = 	"May"
}

@ARTICLE{KBM:96,
  AUTHOR =       "M. V. Kothare and V. Balakrishnan and M. Morari",
  TITLE =        "Robust constrained model predictive control using linear matrix inequalities",
  JOURNAL =      aut,
  YEAR =         "1996",
  volume =       "32",
  number =       "10",
  pages =        "1361--1379", 
  month = 	"October"
}

@INPROCEEDINGS{CFFG:06,
  AUTHOR =       "A. Casavola and D. Famularo and G. Franz{\`{e}} and E. Garone",
  TITLE =        "An improved predictive control strategy for polytopic {LPV} linear systems",
  BOOKTITLE =    cdc45,
  YEAR =         "2006",
  pages =        "5820--5825",
  address =      "San Diego, CA",
  month =        "December"
}


@ARTICLE{CFF:03,
  AUTHOR =       "A. Casavola and D. Famularo and G. Franz{\`{e}}",
  TITLE =        "Predictive control of constrained nonlinear systems via {LPV} linear embeddings",
  JOURNAL =      ijrnlc,
  YEAR =         "2003",
  volume =       "13",
  number =       "3-4",
  pages =        "281--294",
  month =       "March-April"
}


@ARTICLE{CFF:02,
  AUTHOR =       "A. Casavola and D. Famularo and G. Franz{\`{e}}",
  TITLE =        "A feedback min-max {MPC} algorithm for {LPV} systems subject to bounded rates of change of parameters",
  JOURNAL =      ieeetac,
  YEAR =         "2002",
  volume =       "47",
  number =       "7",
	pages =  "1147--1153",
	month = "July"
}

@ARTICLE{WSS:06,
  AUTHOR =       "N. Wada and K. Saito and M. Saeki",
  TITLE =        "Model predictive control for linear parameter varying systems using parameter dependent {L}yapunov function",
  JOURNAL =      ieeetcsIIeb,
  YEAR =         "2006",
  volume =       "53",
  number =       "12",
  pages =        "1446-1450",
  month = 	"December"
}


@ARTICLE{LW:06,
  AUTHOR =       "S. Lee and S. Won",
  TITLE =        "Model {P}redictive {C}ontrol for linear parameter varying systems using a new parameter dependent terminal weighting matrix",
  JOURNAL =      {IEICE Transactions on Fundamentals of Electronics, Communications and Computer Sciences},
  YEAR =         "2006",
  volume =       "E89-A",
  number =       "8",
  pages =        "2166--2172",
}



@ARTICLE{JOP:11,
  author = {M. Jungers and R. C. L. F. Oliveira  and P. L. D. Peres},
  title = {{MPC} for {LPV} systems with bounded parameter variations},
  journal = ijc,
  year = {2011},
  volume = {84},
  pages = {24--36},
  month = {January},
}