@article{Ning2018AdaptiveOnline,
    title = {{Adaptive sliding mode observers for lithium-ion battery state estimation based on parameters identified online}},
    year = {2018},
    journal = {Energy},
    author = {Ning, Bo and Cao, Binggang and Wang, Bin and Zou, Zhongyue},
    month = {6},
    pages = {732--742},
    volume = {153},
    publisher = {Elsevier Ltd},
    doi = {10.1016/j.energy.2018.04.026},
    issn = {03605442},
    keywords = {Adaptive sliding mode observer, Lithium-ion battery, Parameters estimation online, State of charge estimation, State of health estimation}
}

@article{Meng2022HCharge,
    title = {{H∞ Observer Based on Descriptor Systems Applied to Estimate the State of Charge}},
    year = {2022},
    journal = {Entropy},
    author = {Meng, Shengya and Li, Shihong and Chi, Heng and Meng, Fanwei and Pang, Aiping},
    number = {3},
    month = {3},
    volume = {24},
    publisher = {MDPI},
    doi = {10.3390/e24030420},
    issn = {10994300},
    keywords = {H∞ observer, SOC estimation, descriptor systems, disturbance suppression performance}
}

@inproceedings{Parakkadavath2017IdentificationFilter,
    title = {{Identification of the non-linear dynamics and state of charge estimation of a LiFePO4 battery using constrained unscented Kalman filter}},
    year = {2017},
    booktitle = {IFAC-PapersOnLine},
    author = {Parakkadavath, Syam and Bhikkaji, Bharath},
    number = {1},
    month = {7},
    pages = {1571--1576},
    volume = {50},
    publisher = {Elsevier B.V.},
    doi = {10.1016/j.ifacol.2017.08.311},
    issn = {24058963},
    keywords = {Chebyshev polynomial, Lithium ion battery, State of charge, Unscented Kalman filter}
}

@book{Ozawa2009LithiumBatteries,
    title = {{Lithium ion rechargeable batteries}},
    year = {2009},
    author = {Ozawa, Kazunori.},
    pages = {336},
    publisher = {Wiley-VCH},
    isbn = {9783527319831}
}

@article{Rauh2013NonlinearSystems,
    title = {{Nonlinear state observers and extended kalman filters for battery systems}},
    year = {2013},
    journal = {International Journal of Applied Mathematics and Computer Science},
    author = {Rauh, Andreas and Butt, Saif S. and Aschemann, Harald},
    number = {3},
    month = {9},
    pages = {539--556},
    volume = {23},
    doi = {10.2478/amcs-2013-0041},
    issn = {1641876X},
    keywords = {Extended Kalman filters, Observers, Parameter estimation, Riccati equations, State estimation}
}

@techreport{LiuObserverBatteries,
    title = {{Observer and Controller Designs for Lithium Ion Batteries}},
    author = {Liu, Zhilong and Shahmohammadhamedani, Niloofar},
    keywords = {Index Terms-Observer, Lithium battery, nonlinear control, optimal control}
}

@inproceedings{Blondel2017ObserverApproach,
    title = {{Observer design for an electrochemical model of lithium ion batteries based on a polytopic approach}},
    year = {2017},
    booktitle = {IFAC-PapersOnLine},
    author = {Blondel, Pierre G. and Postoyan, Romain and Ra{\"{e}}l, Stéphane and Benjamin, Sébastien and Desprez, Phillippe},
    number = {1},
    month = {7},
    pages = {8127--8132},
    volume = {50},
    publisher = {Elsevier B.V.},
    doi = {10.1016/j.ifacol.2017.08.1252},
    issn = {24058963},
    keywords = {Control applications, Lyapunov stability, batteries, nonlinear models, observers}
}

@article{Feng2020RobustObservers,
    title = {{Robust Estimation for State-of-Charge and State-of-Health of Lithium-Ion Batteries Using Integral-Type Terminal Sliding-Mode Observers}},
    year = {2020},
    journal = {IEEE Transactions on Industrial Electronics},
    author = {Feng, Yong and Xue, Chen and Han, Qing Long and Han, Fengling and Du, Jiacheng},
    number = {5},
    month = {5},
    pages = {4013--4023},
    volume = {67},
    publisher = {Institute of Electrical and Electronics Engineers Inc.},
    doi = {10.1109/TIE.2019.2916389},
    issn = {15579948},
    keywords = {Parameter estimation, sliding-mode control (SMC), sliding-mode observers (SMOs), state-of-charge (SoC), state-of-health (SoH)}
}

@article{Moore2001SAESystems,
    title = {{SAE TECHNICAL A Review of Cell Equalization Methods for Lithium Ion and Lithium Polymer Battery Systems}},
    year = {2001},
    author = {Moore, Stephen W and Schneider, Peter J},
    number = {724}
}

@article{Chen2022SlidingModel,
    title = {{Sliding Mode Observer for State-of-Charge Estimation Using Hysteresis-Based Li-Ion Battery Model}},
    year = {2022},
    journal = {Energies},
    author = {Chen, Mengying and Han, Fengling and Shi, Long and Feng, Yong and Xue, Chen and Gao, Weijie and Xu, Jinzheng},
    number = {7},
    month = {4},
    volume = {15},
    publisher = {MDPI},
    doi = {10.3390/en15072658},
    issn = {19961073},
    keywords = {Internet of Things (IoT), Lithium-ion battery, automatic monitoring system, hysteresis, state-of-charge (SoC) estimation, terminal sliding mode observer}
}

@article{Koga2021StateObservers,
    title = {{State estimation for lithium-ion batteries with phase transition materials via boundary observers}},
    year = {2021},
    journal = {Journal of Dynamic Systems, Measurement and Control, Transactions of the ASME},
    author = {Koga, Shumon and Camacho-Solorio, Leobardo and Krstic, Miroslav},
    number = {4},
    month = {4},
    volume = {143},
    publisher = {American Society of Mechanical Engineers (ASME)},
    doi = {10.1115/1.4048779},
    issn = {15289028}
}