%
% As macros para os nomes de jornais e congressos estao
% no arquivo listacompleta.bib. Novos nomes devem ser
% incluidos la. Pedro, 10.11.2003
%

@Article{GB:86,
  author = 	 "A. R.   Galimidi  and B. R. Barmish",
  title = 	 {The constrained {L}yapunov problem and its application to 
		robust output feedback stabilization},
  journal = 	 ieeetac,
  year = 	 "1986",
  volume = 	 "31",
  number = 	 "5",
  pages = 	 "410--419",
  OPTmonth = 	 "",
  OPTnote = 	 "",
  OPTannote = 	 ""
}


@Inproceedings{GPS:93b,
	author={J. C. Geromel and P. L. D. Peres and S. R. Souza},
	title={Convex analysis of the output feedback structural constraint},
	booktitle=cdc32,
	volume={2},
	address={San Antonio, TX, USA},
	pages={1363--1364},
	year={1993}
}

@Article{GPS:96,
  author = 	 "J. C. Geromel and P. L. D. Peres and S. R.  Souza",
  title = 	 {Convex analysis of output feedback control problems: {R}obust stability and performance},
  journal = 	 ieeetac,
  year = 	 "1996",
  volume = 	 "41",
  number = 	 "7",
  pages = 	 "997--1003",
  month = 	 "July",
}

@article{E-GOA-R:97,
        author={L. {El Ghaoui} and F. Oustry and M. {Ait-Rami}},
        title={A cone complementarity linearization algorithm for static output 
feedback and related problems},
  journal =      ieeetac,
  year =         "1997",
  volume =       "42",
  number =       "8",
  pages =        "1171--1176",
  month =        "August",
  OPTnote =      "",
  OPTannote =    ""
}

@Article{Gu:90,
  author = 	 "G. Gu",
  title = 	 {Stabilizability conditions of multivariable 
uncertain systems via output feedback control},
  journal = 	 ieeetac,
  year = 	 "1990",
  volume = 	 "35",
  number = 	 "8",
  pages = 	 "926--927",
  OPTmonth = 	 "",
  OPTnote = 	 "",
  OPTannote = 	 ""
}

@Article{LA:70,
  author = 	 "W. S. Levine and M. Athans",
  title = 	 {On the determination of the optimal constant output feedback
	gains for linear multivariable systems},
  journal = 	 ieeetac,
  year = 	 "1970",
  volume = 	 "15",
  number = 	 "1",
  pages = 	 "44--48",
  OPTmonth = 	 "",
  OPTnote = 	 "",
  OPTannote = 	 ""
}

@Article{MT:87,
  author = 	 {P. M. {M\"{a}kil\"{a}} and H. T. Toivonen},
  title = 	 {Computacional methods for 
parametric {LQ} problems --- a survey},
  journal = 	 ieeetac,
  year = 	 "1987",
  volume = 	 "32",
  number = 	 "8",
  pages = 	 "658--671",
  OPTmonth = 	 "",
  OPTnote = 	 "",
  OPTannote = 	 ""
}


@Inproceedings{PGS:93b,
	author={P. L. D. Peres and J. C. Geromel and S. R. Souza},
	title={Optimal {$\Hd$} control by output feedback},
	booktitle={Proceedings of the 32nd IEEE Conference on Decision and Control},
	volume={1},
	address={San Antonio, USA},
	pages={102--107},
	year={1993}
}

@Inproceedings{PGS:93c,
	author={P. L. D. Peres and J. C. Geromel and S. R. Souza},
	title={{${\mathcal{H}}_{\infty}$} robust control by static output feedback},
	booktitle=acc93,
	volume={1},
	address={San Francisco, CA, USA},
	pages={620--621},
	year={1993}
}

@Inproceedings{PGS:94b,
	author={P. L. D. Peres and J. C. Geromel and S. R. Souza},
	title={{${\mathcal{H}}_{2}$} output feedback control for discrete-time systems},
	booktitle=acc94,
	volume={3},
	address={Baltimore, MD, USA},
	pages={2429--2433},
	year={1994}
}

@Inproceedings{PS:95a,
	author={P. L. D. Peres and S. R. Souza},
	title={{${\mathcal{H}}_{\infty}$} decentralized output feedback control for discrete-time
uncertain systems},
	booktitle=acc95,
	volume={4},
	address={Seattle, WA, USA},
	pages={2926--2930},
	year={1995}
}

@Inproceedings{PS:95b,
	author={P. L. D. Peres and S. R. Souza},
	title={Mixed {${\mathcal{H}}_{2}$/${\mathcal{H}}_{\infty}$} decentralized output feedback
control for continuous-time uncertain systems},
	booktitle={Proceedings of the IFAC/IFORS/IMACS Symposium 
--- Large Scale Systems: Theory and Applications},
	volume={2},
	address={London, UK},
	pages={569--574},
	year={1995}
}

@Inproceedings{GPS:93c,
	author={J. C. Geromel and P. L. D. Peres and S. R. Souza},
	title={Output feedback stabilization of uncertain systems throughout a {M}in/{M}ax problem},
	booktitle= ifac93,
	volume={6},
	address={Sidney, Australia},
	pages={35--38},
	year={1993}
}

@Article{CT:99,
  author = 	 "C. A. R. Crusius and A. Trofino",
  title = 	 {Sufficient {LMI} conditions for output feedback control problems},
  journal = 	 ieeetac,
  year = 	 "1999",
  volume = 	 "44",
  number = 	 "5",
  pages = 	 "1053--1057",
  month = 	 "May",
  OPTnote = 	 "",
  OPTannote = 	 ""
}

@ARTICLE(dOGB:00,
 author = {M. C. de{  }Oliveira and  J. C. Geromel and J. Bernussou},
 title = {Design of dynamic output feedback decentralized controllers
 via a separation procedure},
 journal =  ijc,
 year = "2000",
 volume = {73},
 number = {5},
 pages = {371--381},
 month = {March},
)


@Article{GdSS:98,
  author       = "J. C. Geromel and C. C. de{ }Souza and R. E. Skelton",
  title        = "Static output feedback controllers: {S}tability and convexity",
  journal      = ieeetac,
  volume       = "43",
  number       = "1",
  pages        = "120--125",
  year         = "1998",
  month	       = "January" 
}


@Article{SADG:97,
  author       = "V. L. Syrmos and C. T. Abdallah and P. Dorato and K. Grigoriadis",
  title        = "Static output feedback -- {A} survey",
  journal      = aut,
  year         = "1997",
  volume       = "33",
  number       = "2",
  pages        = "125--137",
  month	       = "February"
}

@InProceedings{BB:04,
  author       = "G. I. Bara and M. Boutayeb",
  title        = "Static output feedback stabilization for linear discrete-time systems",
  booktitle    = cdc43,
  pages        = "1264--1269",
  year         = "2004",
  address      = "Paradise Island, Bahamas",
  month        = "December",
}

@InProceedings{PA:01b,
author = {D. Peaucelle and D. Arzelier},
title = {An efficient numerical solution for {$\mathcal{H}_2$} static output feedback synthesis},
booktitle = ecc01,
year = {2001},
pages={3800--3805},
address = {Porto, Portugal},
month = {September},
}


@InProceedings{APS:03,
author = {D. Arzelier and D. Peaucelle and S. Salhi},
title = {Robust static output feedback stabilization for polytopic uncertain systems: {I}mproving the guaranteed performance bound},
booktitle = rocond03,
year = {2003},
pages={425--430},
address = {Milan, Italy},
month = {June},
}

@Article{MBB:04,
author = {D. Mehdi and E. K. Boukas and O. Bachelier},
title = {Static output feedback design for uncertain linear discrete time systems},
journal = imajmci,
year = {2004},
volume = {21},
number = {1},
pages = {1--13},
month = {March},
}


@ARTICLE{ABJ:75,
title={Output feedback stabilization and related problems -- solution via decision methods},
author={B. D. O. Anderson and N. K. Bose and E. I. Jury},
journal=ieeetac,
year={1975},
month={February},
volume={20},
number={1},
pages={53--66},
}

@INPROCEEDINGS{dOCS:00,
title={A convexifying algorithm for the design of structured linear controllers},
author={M. C. de{  }Oliveira and J. F. Camino and R. E. Skelton},
booktitle=cdc39,
year={2000},
month={December},
volume={3},
pages={2781--2786},
address = {Sydney, Australia},
}

@ARTICLE{Sha:03,
title={An {LPD} approach to robust {$\mathcal{H}_2$} and  {$\mathcal{H}_\infty$} static output-feedback design},
author={U. Shaked},
journal=ieeetac,
year={2003},
month={May},
volume={48},
number={5},
pages={866--872},
}

@ARTICLE{CLS:98,
title={Static output feedback stabilization: {A}n {ILMI} approach},
author={Y.-Y Cao and J. Lam and Y.-X. Sun},
journal=aut,
year={1998},
month={December},
volume={34},
number={12},
pages={1641--1645},
}

@ARTICLE{DY:13,
title={Robust static output feedback control synthesis for linear continuous
systems with polytopic uncertainties},
author={J. Dong and G.-H. Yang},
journal=aut,
year={2013},
month={June},
volume={49},
number={6},
pages={1821--1829},
}

@ARTICLE{DY:07a,
title={Static output feedback control synthesis for linear systems with time-invariant parametric uncertainties},
author={J. Dong and G.-H. Yang},
journal=ieeetac,
year={2007},
month={October},
volume={52},
number={10},
pages={1930--1936},
}

@ARTICLE{GPZ:01,
title={Stabilization of discrete time linear systems by static output feedback},
author={G. Garcia and B. Pradin and F. Zeng},
journal=ieeetac,
year={2001},
month={December},
volume={46},
number={12},
pages={1954--1958},
}


@article{SGC:97,
   author = {C. Scherer and P. Gahinet and M. Chilali},
   title = {Multiobjective output-feedback control via {LMI} optimization},
   journal =ieeetac,
   volume = {42},
   number = {7},
   pages = {896--911},
   year = {1997},
   month = {July}
}


@article{Cas:05,
   author = {E. B. Castelan},
   title = {Estabiliza{\c{c}\~{a}o} de sistemas descritores por realimenta{\c{c}\~{a}o} de sa{\'{\i}}das via subespa\c{c}os invariantes},
   journal =sba,
   volume = {16},
   number = {4},
   pages = {467--477},
   year = {2005},
   month = {Out/Dez}
}

 @article{DM:03,
   author = {C. E. T. D\'{o}rea and B. E. A. Milani},
   title = {Rejei{\c{c}\~{a}o} de perturba{\c{c}\~{o}es} por realimenta{\c{c}\~{a}o} es{t\'{a}}tica de sa{\'{\i}}da em sistemas lineares},
   journal = sba,
   volume = {14},
   number = {1},
   pages = {1--8},
   year = {2003},
   month = {Fev/Mar}
}

 @article{BT:03,
   author = {K. A. Barbosa and A. Trofino},
   title = {S\'{\i}ntese {$\mathcal{H}_\infty$}  para sistemas com restri\c{c}\~{o}es alg\'{e}bricas no estado},
   journal = sba,
   volume = {14},
   number = {3},
   pages = {254--261},
   year = {2003},
   month = {Jul/Set}
}
 
 @article{AAT:07,
   author = {E. Assun{\c{c}\~{a}o} and C. Q. Andrea and M. C. M. Teixeira},
   title = {Aloca{\c{c}\~{a}o} de zeros aplicada a sistemas de controle via LMI},
   journal = sba,
   volume = {18},
   number = {1},
   pages = {55--66},
   year = {2007},
   month = {Fev/Mar}
}

 @article{AATP:08,
   author = {E. Assun{\c{c}\~{a}o} and C. Q. Andrea and M. C. M. Teixeira and J. O. P. Pinto},
   title = {Metodologia para rastreamento com modifica{\c{c}\~{a}o} dos zeros e rejei{\c{c}\~{a}o} de dist\'{u}rbio aplicada a sistemas incertos},
   journal = sba,
   volume = {19},
   number = {1},
   pages = {43--52},
   year = {2007},
   month = {Jan/Fev/Mar}
}


@ARTICLE{MOP:11,
   author={H. R. Moreira and R. C. L. F. Oliveira and P. L. D. Peres},
   title={ Robust {${\mathcal{H}}_{2}$} static output feedback design starting from a parameter-dependent state feedback controller for time-invariant discrete-time polytopic systems },
   journal = ocam,
   volume = {32},
   number = {1},
   pages = {1--13},
   month = {January/February},
   year = {2011}
}


@ARTICLE{DY:08a,
  AUTHOR =       "J. Dong and G.-H. Yang",
  TITLE =        "Robust static output feedback control for linear discrete-time systems with
  time-varying uncertainties",
  JOURNAL =      scl,
  YEAR =         "2008",
  volume =       "57",
  number =       "2",
  pages =        "123--131",
  month =        "February",
}


@inproceedings{DY:08b,
  AUTHOR =       "X. Du and G.-H. Yang",
  TITLE =        "{LMI} conditions for {${\mathcal{H}}_\infty$} static output feedback control
  of discrete-time systems",
  booktitle =      cdc47,
  YEAR =         "2008",
  month =        "December",
  address =      "Cancun, Mexico",
  pages =        "5450--5455", 
}

@inproceedings{MOP:09b,
  AUTHOR =       "H. R. Moreira and R. C. L. F. Oliveira and P. L. D. Peres",
  TITLE =        "Realimenta{\c{c}\~{a}o} de sa{\'{i}}da robusta a partir de controladores dependentes
  de pa{r\^{a}}metros para sistemas lineares incertos discretos no tempo",
  booktitle =      "Simp{\'{o}}sio Brasileiro de Automa{\c{c}\~{a}o} Inteligente - SBAI 2009",
  YEAR =         "2009",
  month =        "September",
  address =      "Bra{s\'{i}}lia, DF, Brazil",
}

@inproceedings{Tro:09,
  AUTHOR =       "A. Trofino",
  TITLE =        "Sufficient {LMI} conditions for the design of static and reduced order controllers",
  booktitle =      cdc48,
  YEAR =         "2009",
  month =        "December",
  address =      "Shanghai, P. R. China",
  pages =        "6668--6673", 
}

@inproceedings{YS:09b,
  AUTHOR =       "I. Yaesh and U. Shaked",
  TITLE =        "Robust reduced-order output-feedback {${\mathcal{H}}_{\infty}$} control",
  booktitle =      rocond09,
  YEAR =         "2009",
  month =        "June",
  address =      "Haifa, Israel",
  pages =        "155--160", 
}

@inproceedings{AOP:10a,
  AUTHOR =       "C. M. Agulhari and R. C. L. F. Oliveira and P. L. D. Peres",
  TITLE =        "Robust {$\mathcal{H}_\infty$} static output-feedback design for time-invariant discrete-time polytopic systems from
		  parameter-dependent state-feedback gains",
  booktitle =     acc10,
  YEAR =         "2010",
  month =        "June-July",
  address =      "Baltimore, MD, USA",
  pages =        "4677--4682", 
}

@InProceedings{AGPP:10,
author = {D. Arzelier and E. N. Gryazina and D. Peaucelle and B. T. Polyak},
title = {Mixed {LMI}/{R}andomized methods for static output feedback control design},
  booktitle =     acc10,
  YEAR =         "2010",
  month =        "June-July",
  address =      "Baltimore, MD, USA",
  pages =        "4683--4688", 
}

@inproceedings{AOP:10b,
  AUTHOR =       "C. M. Agulhari and R. C. L. F. Oliveira and P. L. D. Peres",
  TITLE =        "Static output feedback control of polytopic systems using polynomial {L}yapunov functions",
  booktitle =     cdc49,
  YEAR =         "2010",
  month =        "December",
  address =      "Atlanta, GA, USA",
  pages =        "6894--6901", 
}

@ARTICLE{GKB:07,
author={J. C. Geromel and R. H. Korogui and J. Bernussou},
journal = ietcta,
title={{$\mathcal{H}_2$} and {$\mathcal{H}_\infty$} robust output feedback control for continuous time polytopic systems},
year={2007},
month={September},
volume={1},
number={5},
pages={1541--1549},
}

@TechReport{AGPP:09,
 author = {D. Arzelier and E. N. Gryazina and D. Peaucelle and B. T. Polyak},
 title = {Mixed {LMI}/{R}andomized methods for static output feedback control design: {S}tability and performance},
 institution = {LAAS-CNRS},
 year = {2009},
 OPTkey = {},
 OPTtype = {},
 number = {09640},
 OPTaddress = {},
 month = {September},
 OPTnote = {},
 OPTannote = {},
 OPTurl = {},
 OPTdoi = {},
 OPTissn = {},
 OPTlocalfile = {},
 OPTabstract = {},
}

@inproceedings{AP:02,
        author={D. Arzelier  and D. Peaucelle},
        year={2002},
        title={An iterative method for mixed {$\mathcal{H}_2$}/{$\mathcal{H}_\infty$} synthesis via static output-feedback},
        booktitle= cdc41,
	address = {Las Vegas, NV, USA},
	month = {December},
        pages={3464--3469},
}


@article{AN:06,
        author={P. Apkarian and D. Noll},
        year={2006},
        title={Nonsmooth {$\mathcal{H}_\infty$} synthesis},
        journal=ieeetac,
        volume={51},
        number={1},
        pages={71--86},
        month={January},
}

@article{FL:97,
        author={M. Fu and Z. Luo},
        year={1997},
        title={Computational complexity of a problem arising in fixed order output feedback design},
        journal=scl,
        volume={30},
        number={5},
        pages={209--215},
        month={June},
}


@article{AOP:12,
        author={C. M. Agulhari and R. C. L. F. Oliveira and P. L. D. Peres},
        year={2012},
        title={{LMI} relaxations for reduced-order robust {$\mathcal{H}_\infty$} 
                control of continuous-time uncertain linear systems},
        journal=ieeetac,
        volume={57},
        number={6},
        pages={1532--1537},
        month={June},
}

@article{DGMD:12, 
 author={Q. T. Dinh and S. Gumussoy and W. Michiels and M. Diehl},
        year={2012},
        title={Combining convex-concave decompositions 
               and linearization approaches for solving {BMI}s, 
               with application to static output feedback},
        journal=ieeetac,
        volume={57},
        number={6},
        pages={1377--1390},
        month={June},
}

@article{LJT:15,
author = {D. H. Lee and Y. H. Joo and M. H. Tak},
title = {Periodically time-varying memory static output feedback control design for discrete-time {LTI} systems},
journal = aut,
volume = {52},
pages = {47--54},
year = {2015},
month = {February},
}

@ARTICLE{ZZWS:17,
  author = {Z. Zhang and H. Zhang and Z. Wang and Q. Shan},
  title = {Non-fragile exponential {$\mathcal{H}_{\infty}$} control for a class
	of nonlinear networked control systems with short time-varying delay
	via output feedback controller},
  journal = ieeetcyb,
  year = {2017},
  doi = {10.1109/TCYB.2016.2585601},
  volume = { },
  pages = {1--12},
  number = { },
  note = {To appear. DOI: \url{http://dx.doi.org/10.1109/TCYB.2016.2585601}},
}

@ARTICLE{Che:14,
author={G. Chesi},
journal=ieeetac,
title={Robust Static Output Feedback Controllers via Robust
                  Stabilizability Functions},
year={2014},
volume={59},
number={6},
pages={1618--1623},
month={June},
}

@article{CPZ:15,	
title={Robust static output feedback {$\mathcal{H}_\infty$} control
                  design for linear systems with polytopic
                  uncertainties},                 
author = {X.-H. Chang and J. H. Park and J. Zhou},                
journal = scl,
volume = {85},
pages = {23--32},
year = {2015},
month = {August},
}

@article{SP:16,
author = "M. S. Sadabadi and D. Peaucelle",
title = "From static output feedback to structured robust static output feedback: {A} survey",
journal = arc,
volume = "42",
pages = "11--26",
year = "2016",
}