%
% As macros para os nomes de jornais e congressos estao
% no arquivo listacompleta.bib. Novos nomes devem ser
% incluidos la. Pedro, 10.11.2003
%




%
% Books
%

@book{HVL:91,
        author={J. K. Hale and S. M. {Verduyn Lunel}},
        title={Introduction to Functional Differential Equations},
        publisher={Springer-Verlag},
        year={1991},
        address={New York}
        }

@book{Kha:92,
        author={H. J. Khalil},
        title={Nonlinear Systems},
        publisher={Macmillan Publishing Company},
        year={1992},
        address={Singapore}
        }

@book{Kra:63,
        author={N. N. Krasovskii},
        title={Stability of Motion},
        publisher={Stanford University Press},
        year={1963},
        address={Stanford, CA}
        }

@book{TG:97a,
        editor={S. Tarbouriech and G. Garcia},
        title={Control of Uncertain Systems with Bounded Inputs},
        publisher={Springer-Verlag},
	volume={227},
        year={1997},
        address={Berlin, Germany},
	series={Lecture Notes in Control and Information Sciences},
        }

@book{TGG:07,
        editor={S. Tarbouriech and G. Garcia and A. H. Glattfelder},
        title={Advanced Strategies in Control Systems with Input and Output Constraints},
        publisher={Springer-Verlag},
	volume={346},
        address={Berlin, Germany},
	series={Lecture Notes in Control and Information Sciences},
        year = {2007},
        }		

@book{TGGdSQ:11,
        author={S. Tarbouriech and G. Garcia and J. M. {Gomes da Silva Jr.} and I. Queinnec}, 
        title={Stability and Stabilization of Linear Systems with Saturating Actuators},
        publisher={Springer},
        address={London, UK},
        year = {2011},
        }	


@book{Hal:97,
	author={J. K. Hale}, 
	title={Theory of functional differential
        equations}, 
	publisher={Springer-Verlag},
	year={1977},
	address={New York}
	}


@book{KG:02,
  editor = {V. Kapila and K. M. Grigoriadis},
  year = {2002},
  title = {Actuator Saturation Control},
  publisher = {Marcel Dekker, Inc.},
  address = {New York, NY},
  series = {Control Engineering Series}
}	
	
	
@book{HL:01,
   author = {T. Hu and Z. Lin},
   publisher = {Birkh{\"{a}}user},
   title = {Control Systems with Actuator Saturation: Analysis and Design},
   year = {2001},
   address = {Boston, MA},
}


%
% Journals
%

@article{BM:95,
        author={D. S. Bernstein and A. N. {Michel} (Eds.)},
        title={Special Issue: Saturating Actuators},
        journal=ijrnlc,
        year={1995},
        volume={5},
        number={5},
        OPTpages={},
}

@article{BM:95b,
        author={D. S. Bernstein and A. N. Michel},
        title={A chronological bibliography on saturating actuators},
        journal=ijrnlc,
        year={1995},
        volume={5},
        number={5},
        pages={375--380},
	month = {August},
}

@article{CWL:88,
        author={B. S. Chen and S. S. Wang and H. C. Lu},
        title={Stabilization of time-delay systems containing 
		saturating actuators},
        journal=ijc,
        year={1988},
        volume={47},
        number={3},
        pages={867--881},
	month = {March},
}



@article{HIT:85,
        author={J. K. Hale and E. F. Infante and F. S. P. Tseng},
        title={Stability in linear delay equation},
        journal={Journal of Mathematical Analysis and Applications},
        year={1985},
        volume={105},
        OPTnumber={},
        pages={533--555},
	OPTmonth={},
}

@article{HT:99,
        author={D. Henrion and S. Tarbouriech},
        title={{LMI} Relaxations for robust stability of linear 
	systems with saturating inputs},
        journal=aut,
        year={1999},
        volume={35},
        number={9},
        pages={1599--1604},
}

@ARTICLE{GTSA-R:99,
	 author =	 "G. Garcia and S. Tarbouriech and R. Suarez and J. {Alvarez-Ramirez}",
	 title = 	"Nonlinear bounded control for norm-bounded uncertain systems",
	 journal = 	 ieeetac,
	 month = 	 "June",
	 year = 	 "1999",
	 volume = 	 "44",
	 number = 	 "6",
	 pages = 	 "1254--1258",
}


@article{MP:89,
        author={A. P. Molchanov and E. S. Pyatnitskii},
        title={Criteria of asymptotic stability of differential and 
		difference inclusions encountered in control theory},
        journal=scl,
        year={1989},
        volume={13},
        number={1},
        pages={59--64},
	month={July},
}


@article{Rom:96,
        author={B.~G. Romanchuk},
        title={Computing regions of attraction with polytopes: planar case},
        journal=aut,
        year={1996},
        volume={32},
        number={12},
        pages={1727--1732},
	OPTmonth={},
}



@article{SLT:96,
        author={A. Saberi and Z. Lin and A. R. Teel},
        title={Control of linear systems with saturating actuators},
        journal=ieeetac,
        year={1996},
        volume={41},
        number={3},
        pages={368--378},
	month={March},
}

@article{SD:91,
        author={G. Stein and J. Doyle},
        title={Beyond singular values and loopshapes},
        journal={AIAA Journal of Guidance and Control},
        year={1991},
        volume={14},
        number={1},
        pages={5--16},
}


@article{SS:99,
        author={A. A. Stoorvogel and A. {Saberi} (Eds.)},
        title={{Special Issue: Control Problems with Constraints}},
        journal=ijrnlc,
        year={1995},
        volume={9},
        number={10},
        OPTpages={},
}

@article{TGdS:00,
        author={S. Tarbouriech and J. M. {Gomes da Silva Jr.}},
        title={Synthesis of controllers for continuous-time 
		delay systems with saturating controls via {LMI}s},
        journal=ieeetac,
        year={2000}, 
        volume={45},
        number={1},
        pages={105--111},
 	month={January},
}

@article{YAJ:96,
        author={L. Yuan and L. E. K. Achenie and W. Jiang},
        title={Robust {${\cal H}_{\infty}$} control for linear 
		discrete-time systems
  		with norm-bounded time varying uncertainty},
        journal=scl,
        year={1996},
        volume={27},
        OPTnumber={},
        pages={199--208},
}



%
% Proceedings
%


@Inproceedings{GdST:99,
        author={J. M. {Gomes da Silva Jr.}  and S. Tarbouriech},
        title={Stability regions for linear systems with saturating controls},
        booktitle= ecc99,
        OPTvolume={},
        address={Karlsruhe, Germany},
        OPTpages={},
        year={1999},
	month={September}
}

@Inproceedings{KLR:99,
        author={V. B. Kolmanovskii and J.-F. Lafay and J.-P. Richard},
        title={Riccati equations in stability theory of difference 
		equations with memory},
        booktitle=ecc99,
        OPTvolume={},
        address={Karlsruhe, Germany},
        OPTpages={},
        year={1999},
	month={September}
}



@Inproceedings{NTDD:95b,
        author={S.-I. Niculescu and S. Tarbouriech and J.-M. Dion and L. Dugard},
        title={Stability criteria for bilinear systems with delayed state and saturating controls},
        booktitle=cdc34,
        OPTvolume={},
        address={New Orleans, LA, USA},
        pages={2064--2069},
        year={1995},
	month={December}
}


@Inproceedings{SLT:91,
        author={T. J. Su and P. L. Liu and J. T. Tsay},
        title={Stabilization of delay-dependence for saturating 
		actuator systems},
        booktitle=cdc30,
        OPTvolume={},
        address={Brighton, UK},
        pages={2891--2892},
        year={1991},
	month={December}
}

@Inproceedings{SARA:91,
        author={R. Suarez and J. {Alvarez-Ramirez} and J. Alvarez},
        title={Linear systems with single saturated input: stability analysis},
        booktitle=cdc30,
        OPTvolume={},
        address={Brighton, UK},
        pages={223--228},
        year={1991},
	month={December}
}



@Inproceedings{TG:98,
        author={S. Tarbouriech and G. Garcia},
        title={Robust stability of uncertain linear systems with 
		saturating inputs: an {LMI} approach},
        booktitle={Proceedings of the IFAC Conference on System 
		Structure and Control},
        OPTvolume={},
        address={Brighton, UK},
        pages={379--384},
        year={1998},
	OPTmonth={}
}


@Inproceedings{VI:95,
        author={E. I. Verriest and A. F. Ivanov},
        title={Robust stability of delay-difference equations},
        booktitle=cdc34,
        OPTvolume={},
        address={New Orleans, LA},
        pages={386--391},
        year={1995},
	month={December}
}

@Inproceedings{TG:99,
	author={S. Tarbouriech and G. Garcia},
	title={Stabilization of neutral linear time-delay systems with
	saturating actuators},
	booktitle=cdc38,
	OPTvolume={},
	address={Phoenix, AZ, USA},
	pages={2011--2016},
	year={1999},
	month={December}
}

@Inproceedings{GN:99, 
	author={K. Gu and S.-I. Niculescu}, 
	title={Additional dynamics in transformed time-delay systems},
	booktitle=cdc38, 
	OPTvolume={}, 
	address={Phoenix, AZ}, 
	pages={4673--4677}, 
	year={1999}, 
	month={December}
}


@Inproceedings{TGPQ:00,
	author={S. Tarbouriech and G. Garcia and P. L. D. Peres and I.
	Queinnec},
	title={Stabilization of linear discrete-time delay systems with
	additive disturbance and saturating actuators},
	booktitle=rocond00,
	volume={1},
	address={Prague, Czech Republic},
	pages={151--156},
	year={2000},
	month={June},
}

@Inproceedings{TPGQ:00,
	author={S. Tarbouriech and G. Garcia and P. L. D. Peres and I.
	Queinnec},
	title={Delay-dependent stabilization of time-delay systems 
with saturating actuators},
	booktitle={IEEE 39th Conference on Decision and Control},
	volume={1},
	address={Sydney, Australia},
	pages={3248--3253},
	year={2000},
	month={December},
}




@article{TPGQ:02,
        author={S. Tarbouriech and P. L. D. Peres and 
                G. Garcia and I. Queinnec},
        title={Delay-dependent stabilization and disturbance tolerance for
time-delay systems subject to actuator saturation},
        journal=ieepcta,
        year={2002},
        volume={149},
        number={5},
        pages={387--393},
 	month={September},
}


@article{CLH:02,
        author={Y. Y. Cao and Z. Lin and T. S. Hu},
        title={Stability analysis of linear time-delay systems subject to input saturation},
        journal=ieeetcsI,
        year={2002},
        volume={49},
        number={2},
        pages={233--240},
 	month={February},
}

@article{Ouc:96b,
   author = "S. Oucheriah",
   year = "1996",
   title = "Global stabilization of a class of linear 
   continuous time-delay systems with saturating controls",
   journal = ieeetcsI,
   volume = "43",
   number = "12",
   pages = "1012--1015",
   month = "December",
}



@article{KB:94,
        author={J. Kim and Z. Bien},
        title={Robust stability of uncertain linear systems with saturating actuators},
        journal=ieeetac,
        year={1994},
        volume={39},
        number={1},
        pages={202--207},
        month = {January},
}

@article{NJ:99,
        author={T. Nguyen and F. Jabbari},
        title={Disturbance attenuation for systems with input saturation:
        an {LMI} approach},
        journal=ieeetac,
        year={1999},
        volume={44},
        number={4},
        pages={852--857},
        month = {April},
}

@article{HL:02,
        author={T. Hu and Z. Lin},
        title={Exact characterization of invariant ellipsoid for single
        input linear systems subject to actuator saturation},
        journal=ieeetac,
        month ={January},
        year={2002},
        volume={47},
        number={1},
        pages={164--169},
}


@article{HLC:02,
        author={H. Hu and Z. Lin and B. M. Chen},
        title={An analysis and design method for linear systems subject to actuator saturation and disturbance},
        journal=aut,
        year={2002},
        volume={38},
        number={2},
        pages={351--359},
        month = {February},
}

@article{TGGdS:02,
        author={S. Tarbouriech and G. Garcia and J. M. {Gomes da Silva Jr.}},
        title={Robust stability of uncertain polytopic linear time-delay systems with saturating inputs:
        an {LMI} approach},
        journal=cee,
        year={2002},
        volume={28},
        number={3},
        pages={157--169},
        month = {May},
}

@article{CLW:02,
        author={Y. Cao and Z. Lin and D. G. Ward},
        title={An antiwindup approach to enlarging domain of
        attraction for linear systems subject to actuator saturation},
        journal=ieeetac,
        month ={January},
        year={2002},
        volume={47},
        number={1},
        pages={140--145},
}


@INPROCEEDINGS(HB:98,
 author = {H. Hindi and S. Boyd},
 title = {Analysis of linear systems with saturation using convex optimization},
 booktitle =  cdc37,
 year = {1998},
 pages = {903--908},
 address = {Tampa, FL},
 month = {December}
)

@INPROCEEDINGS(PTGdSC:02,
 author = {C. Paim and S. Tarbouriech and J. M. {Gomes da Silva Jr.} and E. B. Castelan},
 title = {Control design for linear systems with saturating actuators and
 $\mathcal{L}_2$-bounded disturbances},
 booktitle =  cdc41,
 year = {2002},
 address = {Las Vegas, NV},
 month = {December},
pages={4148--4153}
)

@article{Che:04a,
        author={G. Chesi},
        title={Estimating the domain of attraction for uncertain polynomial systems},
        journal=aut,
        year={2004},
        volume={40},
        number={11},
        pages={1981--1986},
        month = {November},
}

@ARTICLE{GdST:01,
	 author =	 "J. M. {Gomes da Silva Jr.} and S. Tarbouriech ",
	 title = 	"Local stabilization of discrete-time linear systems with saturating controls: 
	 {A}n {LMI}-based approach ",
	 journal = 	 ieeetac,
	 month = 	 "January",
	 year = 	 "2001",
	 volume = 	 "46",
	 number = 	 "1",
	 pages = 	 "119--125",
}

@ARTICLE{GdST:05,
	 author =	 "J. M. {Gomes da Silva Jr.} and S. Tarbouriech",
	 title = 	"Antiwindup design with guaranteed regions of stability: An {LMI}-based approach ",
	 journal = 	 ieeetac,
	 month = 	 "January",
	 year = 	 "2005",
	 volume = 	 "50",
	 number = 	 "1",
	 pages = 	 "106--111",
}

@ARTICLE{TGdSG:04,
	 author =	 "S. Tarbouriech and J. M. {Gomes da Silva Jr.} and G. Garcia",
	 title = 	"Delay-dependent anti-windup strategy for linear systems 
	 with saturating inputs and delayed outputs ",
	 journal = 	 ijrnlc,
	 month = 	 "May",
	 year = 	 "2004",
	 volume = 	 "14",
	 number = 	 "7",
	 pages = 	 "665--682",
}

@ARTICLE{HL:03a,
	 author =	 "T. Hu and Z. Lin",
	 title = 	"Composite quadratic {L}yapunov functions for constrained control systems",
	 journal = 	 ieeetac,
	 month = 	 "March",
	 year = 	 "2003",
	 volume = 	 "48",
	 number = 	 "3",
	 pages = 	 "440--450",
}

@ARTICLE{HL:04b,
	 author =	 "T. Hu and Z. Lin",
	 title = 	"Properties of the composite quadratic {L}yapunov functions",
	 journal = 	 ieeetac,
	 month = 	 "July",
	 year = 	 "2004",
	 volume = 	 "48",
	 number = 	 "7",
	 pages = 	 "1162--1167",
}

@ARTICLE{HGTL:05,
	 author =	 "T. Hu and R. Goebel and A. R. Teel and Z. Lin",
	 title = 	"Conjugate {L}yapunov functions for saturated linear systems",
	 journal = 	 aut,
	 month = 	 "November",
	 year = 	 "2005",
	 volume = 	 "41",
	 number = 	 "11",
	 pages = 	 "1949--1956",
}


@ARTICLE{GTHL:06,
	 author =	 "R. Goebel and A. R. Teel and T. Hu and Z. Lin",
	 title = 	"Conjugate convex {L}yapunov functions for dual linear differential inclusions",
	 journal = 	 ieeetac,
	 month = 	 "April",
	 year = 	 "2006",
	 volume = 	 "51",
	 number = 	 "4",
	 pages = 	 "661--666",
}

@ARTICLE{CL:03,
	 author =	 "Y.-Y. Cao and Z. Lin",
	 title = 	"Stability analysis of discrete-time systems with actuator 
	           saturation by a saturation-dependent {L}yapunov function",
	 journal = 	 aut,
	 month = 	 "July",
	 year = 	 "2005",
	 volume = 	 "39",
	 number = 	 "7",
	 pages = 	 "1235--1241",
}

@ARTICLE{ACLC:06,
	 author =	 "T. Alamo and A. Cepeda and D. Limon and E. F. Camacho",
	 title = 	"Estimation of the domain of attraction for saturated discrete-time systems",
	 journal = 	ijss,
	 month = 	 "June",
	 year = 	 "2006",
	 volume = 	 "37",
	 number = 	 "8",
	 pages = 	 "575--583",
}

@ARTICLE{CL:06,
	 author =	 "Y.-Y. Cao and Z. Lin",
	 title = 	"An anti-windup design for polytopic systems by a 
	 parameter-dependent {L}yapunov function approach",
	 journal = 	ijss,
	 month = 	 "February",
	 year = 	 "2006",
	 volume = 	 "37",
	 number = 	 "2",
	 pages = 	 "129--139",
}

@ARTICLE{HL:05,
	 author =	 "T. Hu and Z. Lin",
	 title = 	"Absolute stability analysis of discrete-time systems with composite quadratic {L}yapunov functions",
	 journal = 	 ieeetac,
	 month = 	 "June",
	 year = 	 "2005",
	 volume = 	 "50",
	 number = 	 "6",
	 pages = 	 "781--797",
}

@ARTICLE{HL:05b,
	 author =	 "T. Hu and Z. Lin",
	 title = 	"Convex analysis of invariant sets for a class of nonlinear systems",
	 journal = 	 scl,
	 month = 	 "August",
	 year = 	 "2005",
	 volume = 	 "54",
	 number = 	 "8",
	 pages = 	 "729--737",
}

@ARTICLE{FS:06,
	 author =	 "Y. Fujisaki and R. Sakuwa",
	 title = 	"Estimation of asymptotic stability regions via homogeneous polynomial {L}yapunov functions",
	 journal = 	ijc,
	 month = 	 "June",
	 year = 	 "2006",
	 volume = 	 "79",
	 number = 	 "6",
	 pages = 	 "617--623",
}

@ARTICLE{Che:04b,
	 author =	 "G. Chesi",
	 title = 	"Computing output feedback controllers to enlarge the domain of attraction in polynomial systems",
	 journal = 	 ieeetac,
	 month = 	 "October",
	 year = 	 "2004",
	 volume = 	 "49",
	 number = 	 "10",
	 pages = 	 "1846--1850",
}

@ARTICLE{CTVG:01,
	 author =	 "G. Chesi and A. Tesi and A. Vicino and R. Genesio",
	 title = 	"An {LMI} approach to constrained optimization with homogeneous forms",
	 journal = 	 scl,
	 month = 	 "January",
	 year = 	 "2001",
	 volume = 	 "42",
	 number = 	 "1",
	 pages = 	 "11--19",
}

@INPROCEEDINGS(MTG:02,
 author = {V. Mahout and S. Tarbouriech and G. Garcia},
 title = {Controller design for unstable uncertain bilinear systems},
 booktitle = med2002,
 year = {2002},
 pages = { },
 address = {Lisbon, Portugal},
 month = {July},
 note = "CD-rom",
)

@INPROCEEDINGS(MPTQ:06,
 author = {V. F. Montagner and P. L. D. Peres and S. Tarbouriech and I. Queinnec},
 title = {Improved estimation of stability regions for uncertain linear 
systems with saturating actuators: an {LMI}-based approach},
 booktitle = cdc45,
 year = {2006},
 pages = {5429--5434},
 address = {San Diego, CA},
 month = {December},
)

@INPROCEEDINGS(GdSL:05,
 author = {J. M. {Gomes da Silva Jr.} and F. Lescher},
 title = {Time-varying dynamic controllers for discrete-time linear systems with input saturation},
 booktitle = ifac05,
 year = {2005},
 address = {Prague, Czech Republic},
 month = {July},
 note = "in CD-rom",
)

@ARTICLE{Bla:91,
	 author =	 "F. Blanchini",
	 title = 	"Constrained control for uncertain linear systems",
	 journal = 	 jota,
	 month = 	 "December",
	 year = 	 "1991",
	 volume = 	 "71",
	 number = 	 "3",
	 pages = 	 "465--484",
}


@ARTICLE{Bla:99,
	 author =	 "F. Blanchini",
	 title = 	"Set invariance in control",
	 journal = 	 aut,
	 month = 	 "November",
	 year = 	 "1999",
	 volume = 	 "35",
	 number = 	 "11",
	 pages = 	 "1747--1767",
}

@ARTICLE{KI:00,
	 author =	 "T. Kiyama and T. Iwasaki",
	 title = 	"On the use of multi-loop circle criterion for saturating control synthesis",
	 journal = 	 aut,
	 month = 	 "October",
	 year = 	 "2000",
	 volume = 	 "41",
	 number = 	 "2",
	 pages = 	 "105--114",
}

@article{CLS:02,
        author={Y. Cao and Z. Lin and Y. Shamash},
        title={Set invariance analysis and gain-scheduling control for {LPV}
        systems subject to actuator saturation},
        journal=scl,
        year={2002},
        volume={46},
        number={2},
        pages={137--151},
        month={June},
}

@book{Hip:06,
        editor={P. Hippe},
        title={Windup in Control --- Its Effects and Their Prevention},
        publisher={Springer-Verlag},
	volume={18},
        address={Berlin, Germany},
	series={Advances in Industrial Control},
        year = {2006},
        }	

@INPROCEEDINGS(BSA:04,
 author = {A. Benzaouia and L. Saydy and O. Akhrif},
 title = {Stability and control synthesis of switched systems subject to actuator
saturation},
 booktitle = acc04,
 year = {2004},
 pages = {5818--5823},
 address = {Boston, MA, USA},
 month = {June/July},
)

@INPROCEEDINGS(BAS:06,
 author = {A. Benzaouia and O. Akhrif and L. Saydy},
 title = {Stabilization of switched systems subject to actuator saturation by
output feedback},
 booktitle = cdc45,
 year = {2006},
 pages = {777--782},
 address = {San Diego, CA},
 month = {December},
)

@ARTICLE(ZW:07,
 author = "Z. Q. Zuo and Y. Wang",
 title = "An improved set invariance analysis and gain-scheduled control of 
          {LPV} systems subject to actuator saturation",
 journal = cssp,
 year = "2007",
 volume = "26",
 number = "5", 
 pages = "635--649",
 month = "September-October"
)

@INPROCEEDINGS(MOPTQ:07,
 author = "V. F. Montagner and R. C. L. F. Oliveira and P. L. D. Peres and S. Tarbouriech and I. Queinnec",
 title = "Gain-scheduled controllers for linear parameter-varying systems with saturating actuators: {LMI}-based design",
 booktitle =  acc07,
 year = "2007",
 OPTvolume = " ",
 pages = "6067--6072",
 address = "New York, NY, USA",
 month = "July"
 )

@article{TPGdS:06,
  author= "S. Tarbouriech and C. Prieur and J. M. {Gomes da Silva Jr.}",
  title= "Stability analysis and stabilization of systems presenting nested saturations",
  journal= ieeetac,
  year= "2006",
  volume= "51",
  number="8",
  month = "August",
  pages= "1364--1371"
}


@ARTICLE{HTZ:06,
author = {T. Hu and A. R. Teel and L. Zaccarian},
title = {Stability and performance for saturated systems via quadratic and nonquadratic {L}yapunov functions},
journal = ieeetac,
volume = {51},
number = {11},
year = {2006},
month= {November},
pages = {1770--1786}
}

@ARTICLE{GdST:06,
author = {J. M. {Gomes da Silva Jr.} and S. Tarbouriech},
title = {Antiwindup design with guaranteed regions of stability for discrete-time linear systems},
journal = scl,
month = {March},
year = {2006},
volume = {55},
number = {03},
pages = {184--192},
}

@INPROCEEDINGS(POTP:10,
 author = {C. Prieur and R. C. L. F. Oliveira and S. Tarbouriech and P. L. D. Peres},
 title = {Stability analysis and state feedback control design of discrete-time systems with a backlash},
 booktitle = acc10,
 year = {2010},
 pages = {2688--2693},
 address = {Baltimore, MD, USA},
 month = {June/July},
)


@ARTICLE(Gut:81,
 author = "P. O. Gutman",
 title = "Stabilizing controllers for bilinear systems",
 journal = ieeetac,
 year = "1981",
 volume = "26",
 number = "4",
 pages = "917--922",
 month = "April"
)

@article{ACM:07,
   author = {F. Amato and C. Cosentino and A. Merola},
   title = {On the region of attraction of nonlinear quadratic systems},
   journal = aut,
   volume = 43,
   number = 12,
   pages = {2119--2123},
   month = {December},
   year = "2007"
}


@INPROCEEDINGS{AAACM:07,
 author = {F. Amato and R. Ambrosino and M. Ariola and C. Cosentino and A. Merola},
   title = {State feedback control of nonlinear quadratic systems},
 booktitle = cdc46,
 year = "2007",
 address = {New Orleans, LA, USA},
 month = {December},
 pages = {1699--1703},
}


@book{Moh:91,
   author = {R. R. Mohler},
   publisher={Prentice-Hall},
   title={Nonlinear Systems: V.2 Application to Bilinear Control},
   address ={Englewood Cliffs, NJ},
   year="1991"
}


@ARTICLE(CT:00,
 author = "M. S. Chen and S. T. Tsao",
 title = "Exponential stabilization of a class of unstable bilinear systems",
 journal = ieeetac,
 year = "2000",
 volume = "45",
 number = "5",
 pages = "989--992",
 month = "May"
)


@ARTICLE(Che:98,
 author = "M. S. Chen",
 title = "Exponential stabilization of constrained bilinear systems",
 journal = aut,
 year = "1998",
 volume = "34",
 number = "8",
 pages = "989--992",
 month = "August"
)

@ARTICLE(LN:89,
 author = "R. Luesink and H. Nijmeijer",
 title = "On the stabilization of bilinear systems via constant feedback",
 journal = laa,
 year = "1989",
 volume = "122--124",
 pages = "457--474",
 month = "September-November"
)

@ARTICLE(SU:03,
 author = "S. Sasaki and K. Uchida",
 title = "Quadratic cost output feedback control for bilinear systems",
 journal = ijss,
 year = "2003",
 volume = "34",
 number = "5", 
 pages = "345--355",
 month = "April"
)

@ARTICLE(RB:83,
 author = "E. P. Ryan and N. J. Buckingham",
 title = "On asymptotically stabilizing feedback control of bilinear systems",
 journal = ieeetac,
 year = "1983",
 volume = "28",
 number = "8", 
 pages = "863--864",
 month = "August"
)

@ARTICLE(Lon:80,
 author = "R. Longchamp",
 title = "Controller design for bilinear systems",
 journal = ieeetac,
 year = "1980",
 volume = "25",
 number = "3", 
 pages = "547--548",
 month = "June"
)


@ARTICLE(KN:83,
 author = "D. E. Koditschek and K. S. Narendra",
 title = "Stabilizability of second-order bilinear systems",
 journal = ieeetac,
 year = "1983",
 volume = "28",
 number = "10", 
 pages = "987--989",
 month = "October"
)


@ARTICLE(BCK:03,
 author = "M. Bacic and M. Cannon  and B. Kouvaritakis",
 title = "Constrained control of {SISO} bilinear systems",
 journal = ieeetac,
 year = "2003",
 volume = "48",
 number = "8", 
 pages = "1443--1447",
 month = "August"
)

@ARTICLE(Fra:75,
 author = "M. Frayman",
 title = "On the relationship between bilinear and quadratic systems",
 journal = ieeetac,
 year = "1975",
 volume = "20",
 number = "4", 
 pages = "567--568",
 month = "August"
)


@ARTICLE(GT:88,
 author = "R. Genesio and A. Tesi",
 title = "The output stabilization of {SISO} bilinear systems",
 journal = ieeetac,
 year = "1988",
 volume = "33",
 number = "10", 
 pages = "950--952",
 month = "October"
)


@INPROCEEDINGS(Tib:00,
 author = {B. Tibken},
 title = {Estimation of the domain of attraction for polynomial systems via {LMI}'s},
 booktitle =  cdc39,
 year = {2000},
 pages = {3860--3865},
 address = {Sydney, Australia},
 month = {December}
)

@INPROCEEDINGS(TH:00,
 author = {B. Tibken and 0. Hachicho},
 title = {Estimation of the domain of attraction for polynomial systems using multidimensional grid},
 booktitle =  cdc39,
 year = {2000},
 pages = {3870--3874},
 address = {Sydney, Australia},
 month = {December}
)

@ARTICLE(MK:80,
 author = "R. R. Mohler and W. J. Kolodziej",
 title = "An overview of bilinear system theory and applications",
 journal = "IEEE Transactions on Systems, Man, and Cybernetics",
 year = "1980",
 volume = "10",
 number = "10", 
 pages = "683--688",
 month = "October"
)

@ARTICLE(CYM:91,
 author = "L. K. Chen and  X. Yang and R. R. Mohler",
 title = "Stability analysis of bilinear systems",
 journal = ieeetac,
 year = "1991",
 volume = "36",
 number = "11", 
 pages = "1310--1315",
 month = "November"
)

@ARTICLE(CHW:88,
 author = "H.-D. Chiang and  M. W. Hirsch and F. F. Wu",
 title = "Stability regions of nonlinear autonomous dynamical systems",
 journal = ieeetac,
 year = "1988",
 volume = "33",
 number = "1", 
 pages = "16--27",
 month = "January"
)

@ARTICLE(CT:89,
 author = "H.-D. Chiang and J. S. Thorp",
 title = "Stability regions of nonlinear dynamical systems: a constructive methodology",
 journal = ieeetac,
 year = "1989",
 volume = "34",
 number = "12", 
 pages = "1229--1241",
 month = "December"
)

@ARTICLE(TVG:96,
 author = "A. Tesi and F. Villoresi and R. Genesio",
 title = "On the stability domain estimation via a quadratic {L}yapunov function: convexity 
           and optimality properties for polynomial systems",
 journal = ieeetac,
 year = "1996",
 volume = "41",
 number = "11", 
 pages = "1650--1657",
 month = "November"
)

@inproceedings{ACM:07b,
   author = {F. Amato and C. Cosentino and A. Merola},
   title = {Stabilization of Bilinear Systems via Linear State Feedback Control},
   booktitle = med2007,
   year = "2007",
   address = {Athens, Greece}
}

@ARTICLE(VTG:10,
 author = "G. Valm\'{o}rbida and S. Tarbouriech and G. Garcia",
 title = "State feedback design for input-saturating quadratic systems",
 journal = aut,
 year = "2010",
 volume = "46",
 number = "7", 
 pages = "1196--1202",
 month = "July"
)

@ARTICLE(GMVZ:13,
 author = "A. Garulli and A. Masi and G. Valm\'{o}rbida and L. Zaccarian",
 title = "Global stability and finite $\mathcal{L}_{2m}$-gain of saturated uncertain systems via piecewise polynomial {L}yapunov functions",
 journal = ieeetac,
 year = "2013",
 volume = "58",
 number = "1", 
 pages = "1196--1202",
 month = "January"
)

@ARTICLE(CdS:12,
 author = "D. Coutinho and C. E. de{ }Souza",
 title = "Nonlinear state feedback design with a guaranteed stability domain for locally stabilizable unstable quadratic systems",
 journal = ieeetcsIrp,
 year = "2012",
 volume = "59",
 number = "2", 
 pages = "360--370",
 month = "February"
)


@ARTICLE(GW:03,
author = "H. Gao and C. Wang",
title = {Delay-dependent robust {${\mathcal{H}}_\infty$} filtering for a class of uncertain nonlinear time-delay systems},
journal = ieeetac,
year = "2003",
volume = "48",
number = "9",
month= "September",
pages = "1661--1666",
)

@ARTICLE(KN:82,
author = "D. E. Koditschek and K. S. Narendra",
title = {The stability of second order quadratic differential equations},
journal = ieeetac,
year = "1982",
volume = "27",
number = "4",
month= "August ",
pages = "783--798",
)

@ARTICLE(VTG:13,
author = {G. Val{m\'{o}r}bida and S. Tarbouriech and G. Garcia},
title = {Design of polynomial control laws for polynomial systems subject to actuator saturation},
journal = ieeetac,
year = {2013},
volume = {58},
number = {7},
month= {July},
pages = {1758--1770}
)

@INPROCEEDINGS(AACM:10,
author = {F. Amato and M. Ariola and C. Consentino and A. Merola},
title = {Output feedback control of nonlinear quadratic systems},
booktitle = cdc49,
month = {December},
year = {2010},
volume = {},
address = {Atlanta, GA, USA},
pages = {3349--3354}
)


@ARTICLE{HK:14,
author = {D. Henrion and M. Korda},
title = {Convex computation of the region of attraction of polynomial control systems},
journal = ieeetac,
year = {2014},
volume = {59},
pages = {297--312},
number = {2},
month = {February},
}


@INPROCEEDINGS(LTGP:13,
author = {M. J. Lacerda and S. Tarbouriech and G. Garcia and P. L. D. Peres},
title = {{${\mathcal{H}}_\infty$} Filter design for nonlinear quadratic systems},
booktitle = nolcos13,
year = {2013},
volume = {},
pages = {634--639},
address = {Toulouse, France},
month = {September},
)


@INPROCEEDINGS(VTG:09,
author = {G. Valm\'{o}rbida and S. Tarbouriech and G. Garcia},
title = {Region of attraction estimates for polynomial systems},
booktitle = cdc48,
year = {2009},
volume = {},
pages = {5947--5952},
address = {Shanghai, P.R. China},
month = {December},
)

@ARTICLE{ZW:09,
author = {Q. Zheng and F. Wu},
title = {Regional stabilisation of polynomial non-linear systems using rational {L}yapunov functions},
journal = ijc,
year = {2009},
volume = {82},
pages = {1605--1615},
number = {9},
month = {September},
}


@ARTICLE{TC:12,
  author = {L. Tie and K.-Y. Cai},
  title = {On controllability of a class of discrete-time homogeneous bilinear
	systems with solvable controls},
  journal = ijrnlc,
  year = {2012},
  volume = {22},
  pages = {591--603},
  number = {6},
  month = {April},
}

