%
% As macros para os nomes de jornais e congressos estao
% no arquivo listacompleta.bib. Novos nomes devem ser
% incluidos la. Pedro, 10.11.2003
%



%
% Automatica (aut)
%

@article{RS:00,
   author = {W. J. Rugh and J. S. Shamma},
   title = {Research on gain scheduling},
   journal =aut,
   volume ={36},
   number ={10},
   pages = {1401--1425},
   note = "",
   month={October},
   year = "2000"
}


@article{SR:00,
   author = {D. J. Stilwell and W. J. Rugh},
   title = {Stability preserving interpolation methods for the synthesis
of gain scheduled controllers},
   journal =aut,
   volume ={36},
   number ={5},
   pages = {665--671},
   note = "",
   month={May},
   year = "2000"
}

@INPROCEEDINGS{Sat:10c,
	author={M. Sato},
	booktitle=cdc49, 
	title={Gain-scheduled output-feedback controllers using inexactly measured scheduling parameters},
	year={2010},
	month={December},
	pages={3174--3180},	
}


@ARTICLE(SP:13,
author = "M. Sato and D. Peaucelle",
title = {Gain-scheduled output-feedback controllers using inexact scheduling parameters for continuous-time {LPV} systems},
journal = aut,
year = "2013",
volume = "49",
number = "4",
month= "April",
pages = "1019--1025",
)

@ARTICLE{LW:04,
author={B. Lu and F. Wu},
title={Switching {LPV} control designs using multiple parameter-dependent {L}yapunov functions},
journal= aut,
year={2004},
volume={40},
number={11},
pages={1973--1980},
month={November},
}

@article{SA:91,
   author = {J. S. Shamma and M. Athans},
   title = {Guaranteed properties of gain scheduled control for linear 
   parameter-varying plants},
   journal =aut,
   volume ={27},
   number ={3},
   pages = {559--564},
   note = "",
   year = "1991"
}

@article{AGB:95,
   author = {P. Apkarian and P. Gahinet and G. Becker},
   title = {Self-scheduled {${\mathcal{H}}_{\infty}$} control of linear 
   parameter-varying systems: {A} design example},
   journal =aut,
   volume ={31},
   number ={9},
   pages = {1251--1261},
   note = "",
   year = "1995"
}


%
% Systems \& Control Letters (scl)
%

@article{Pac:94,
   author = {A. Packard},
   title = {Gain scheduling via linear fractional transformations},
   journal = scl,
   volume = {22},
   number = {2},
   pages = {79--92},
   year = "1994",
  month = {February}
}



@article{YS:97,
   author = {J. Yu and A. Sideris},
   title = {{${\mathcal{H}}_{\infty}$} control with parametric {L}yapunov functions},
   journal = scl,
   volume = {30},
   number = {},
   pages = {57--69},
   year = "1997"
}



%
% IEEE Transactions on Automatic Control (ieeetac)
%


@article{HG:93,
   author = {R. A. Hyde and K. Glover},
   title = {The application of scheduled 
   {${\mathcal{H}}_{\infty}$} controllers to a {VSTOL} aircraft},
   journal =ieeetac,
   volume ={38},
   number ={7},
   pages = {1021--1039},
   note = "",
   month={July},
   year = "1993"
}

@article{AG:95,
   author = {P. Apkarian and P. Gahinet},
   title = {A convex characterization of gain-scheduled 
   {${\mathcal{H}}_{\infty}$} controllers},
   journal =ieeetac,
   volume ={40},
   number ={5},
   pages = {853--864},
   month = "May",
   year = "1995"
}

%
% IEEE Transactions on Control Systems Technology (ieeetcst)
%

@article{AA:98,
   author = {P. Apkarian and R. J. Adams},
   title = {Advanced gain-scheduling techniques for uncertain systems},
   journal =ieeetcst,
   volume ={6},
   number ={1},
   pages = {21--32},
   note = "",
   year = "1998"
}



%
% International Journal of Robust and Nonlinear Control (ijrnlc)
%

@article{BM:97,
   author = {R. D. Braatz and M. Morari},
   title = {On the stability of systems with mixed time-varying parameters},
   journal =ijrnlc,
   volume ={7},
   number ={},
   pages = {105--112},
   note = "",
   year = "1997"
}

@article{WYPB:96,
   author = {F. Wu and X. H. Yang and A. Packard and G. Becker},
   title = {Induced {${\mathcal{L}}_{2}$}-norm control for {LPV} systems 
with bounded parameter variation rates},
   journal =ijrnlc,
   volume ={6},
   number ={},
   pages = {983--998},
   note = "",
   year = "1996"
}


%
% Journal of Mathematical Analysis and Applications (jmaa)
%

@article{SB:92,
   author = {S. M. Shahruz and S. Behtash},
   title = {Design of controllers for linear parameter-varying systems by the 
   gain scheduling technique},
   journal =jmaa,
   volume ={168},
   number ={},
   pages = {195--217},
   note = "",
   year = "1992"
}


%
% IEE Proceedings - Control Theory and Applications
%


%
% International Journal of Control (ijc)
%

@article{LL:00,
   author = {D. J. Leith and W. E. Leithead},
   title = {Survey of gain-scheduling analysis and design},
   journal =ijc,
   volume ={73},
   number ={11},
   pages = {1001--1025},
   month={July},
   note = "",
   year = "2000"
}

%
% International Journal of Robust and Nonlinear Control (ijrnlc)
%

%
% IEEE Control Systems (ieeecs)
%

%
% SIAM Journal on Applied Mathematics (siamjam)
%

%
% SIAM Journal on Control and Optimization (siamjco)
%

%
% Journal of The Franklin Institute (jfi)
%

%
% Anais CBA
%

@Inproceedings{dOTdS:00,
        author={J. de{  }Oliveira and A. Trofino and C. E. de{ }Souza},
        title={An\'{a}lise e s\'{\i}ntese {${\mathcal{H}}_{\infty}$} para sistemas {LPV}},
        booktitle=cba00,
        volume={},
        address={Florian\'{o}polis, SC},
        pages={622--627},
        year={2000},
	month={September}
}


%
% Proceedings ACC
%

%
% Proceedings CDC
%

@Inproceedings{BW:98,
        author={V. Balakrishnan and F. Wang},
        title={Efficient computation of a guaranteed lower bound on the robust stability margin for a class of uncertain systems},
        booktitle=cdc37,
        volume={},
        address={Tampa, FL, USA},
        pages={4406--4407},
        year={1998},
	month={December}
}


@Inproceedings{WB:98,
        author={F. Wang and V. Balakrishnan},
        title={Improved stability analysis and gain-scheduled controller synthesis for parameter-dependent systems},
        booktitle=cdc37,
        volume={},
        address={Tampa, FL, USA},
        pages={1771--1776},
        year={1998},
	month={December}
}


@article{TIW:98,
   author = {K. Tanaka and T. Ikeda and H. O. Wang},
   title = {Fuzzy regulators and fuzzy observers: {R}elaxed stability conditions
	and {LMI}-based designs},
   journal = ieeetfs,
   volume ={6},
   number ={2},
   pages = {250--265},
   month={May},
   year = "1998"
}

@article{TIW:98a,
   author = {K. Tanaka and T. Ikeda and H. O. Wang},
   title = {A unified approach to controlling chaos via an {LMI}-based
	fuzzy control system design},
   journal =ieeetcsI,
   volume ={45},
   number ={10},
   pages = {1021--1040},
   month={October},
   year = "1998"
}


@article{WB:02,
   author = {F. Wang and V. Balakrishnan},
   title = {Improved stability analysis and gain-scheduled controller synthesis for parameter-dependent systems},
   journal =ieeetac,
   volume ={47},
   number ={5},
   pages = {720--734},
   month={May},
   year = "2002"
}


@article{SR:99,
   author = {D. J. Stilwell and W. J. Rugh},
   title = {Interpolation of observer state feedback controllers for gain scheduling},
   journal =ieeetac,
   volume ={44},
   number ={6},
   pages = {1225--1229},
   month={June},
   year = "1999"
}


@article{SA:92,
   author = {J. S. Shamma and M. Athans},
   title = {Gain scheduling: {P}otential hazards and possible remedies},
   journal ={IEEE Control Systems Magazine},
   volume ={12},
   number ={3},
   pages = {101--107},
   month={June},
   year = "1992"
}


@ARTICLE(WG:01,
 author = "F. Wu and K. M. Grigoriadis",
 title = "{LPV} systems with parameter-varying time delays: {A}nalysis and control",
 journal = aut,
 year = "2001",
 volume = "37",
 pages = "221--229",
)


@ARTICLE{Wu:01,
 author = "F. Wu",
 title = "A generalized {LPV} system analysis and control synthesis framework",
 journal = ijc,
 volume ={74},
 number ={7},
 pages = {745--759},
 month={May},
 year = "2001"
}

@ARTICLE{SE:98,
 author = "G. Scorletti and L. {El Ghaoui}",
 title = "Improved {LMI} conditions for gain scheduling and related control problems",
 journal = ijrnlc,
 volume ={8},
 number ={10},
 pages = {845--877},
 month={August},
 year = "1998"
}

@article{KJS:98,
   author = {I. E. {K\"{o}}se and F. Jabbari and W. E. Schmitendorf},
   title = {A direct characterization of {L-2}-gain controllers for {LPV} systems},
   journal = ieeetac,
   volume ={43},
   number ={9},
   pages = {1302--1307},
   month={September},
   year = "1998"
}

% pedro, 17.11.2003

@Inproceedings{CBG:99,
        author={C. Courties and J. Bernussou and G. Garcia},
        title={{LPV} control by dynamic output feedback},
        booktitle=acc99,
        volume={4},
        address={San Diego, CA, USA},
        pages={2267--2271},
        year={1999},
	month={June}
}

@article{BP:94,
        author={G. Becker and A. Packard},
        title={Robust performance of linear parametrically varying systems using parametrically-dependent
 linear feedback},
   journal = scl,
   volume ={23},
   number ={3},
   pages = {205--215},
   month={September},
   year = "1994"
}


 
% vinicius, 13.02.2004
 
@article{Bla:00,
        author={F. Blanchini},
        title={The gain scheduling and the robust state 
        feedback stabilization problems},
   journal = ieeetac,
   volume ={45},
   number ={11},
   pages = {2061--2070},
   month={November},
   year = "2000"
}

@ARTICLE(JP:01,
 author = {S. H. Jin and J. B. Park},
 title = {Robust {${\mathcal{H}}_{\infty}$} filtering for polytopic uncertain systems via convex optimisation},
 journal =  ieepcta ,
 year = "2001",
 volume = {148},
 number={1},
 month={January},
 pages = {55--59}
)

@INPROCEEDINGS(MP:04a,
 author = "V. F. Montagner and P. L. D. Peres",
 title = "State feedback gain scheduling for linear systems with
time-varying parameters",
 booktitle =  acc04,
 year = "2004",
 pages = "2004--2009",
 address = "Boston, MA, USA",
 month = "June/July",
)

@article{WL:04,
   author = {F. Wu and B. Lu},
   title = {On convexified robust control synthesis},
   journal =aut,
   volume ={40},
   number ={6},
   pages = {1003--1010},
   note = "",
   month={June},
   year = "2004"
}

@article{BK:04,
   author = {D. V. Balandin and M. M. Kogan},
   title = {An optimization algorithm for checking
feasibility of
   robust {H}-infinity-control problem for linear
time-varying uncertain systems},
   journal =ijc,
   volume ={77},
   number ={5},
   pages = {498--503},
   note = "",
   month={March},
   year = "2004"
}

@INPROCEEDINGS(Bli:03,
 author = "P.-A. Bliman",
 title = "Stabilization of {LPV} systems",
 booktitle =  cdc42,
 year = "2003",
 pages = "6103--6108",
 address = "Maui, HI, USA",
 month = "December",
)

@article{DZLS:03,
   author = {H. Du and L. Zhang and Z. Lu and X. Shi},
   title = {{LPV} technique for the rejection of sinusoidal disturbance with time-varying frequency},
   journal = ieepcta,
   volume ={150},
   number ={2},
   pages = {132--138},
   note = "",
   month={March},
   year = "2003"
}

@article{dOTdS:02,
   author = {J. de{  }Oliveira and A. Trofino and C. E. de{ }Souza},
   title = {An{\'{a}}lise e s{\'{\i}}ntese {${\mathcal{H}}_{\infty}$} 
            para sistemas {LPV}},
   journal = sba,
   volume ={13},
   number ={1},
   pages = {18--24},
   OPTnote = "",
   OPTmonth={ },
   year = "2002"
}


@INPROCEEDINGS{MOLP:05c,
author = {V. F. Montagner and R. C. L. F. Oliveira
and V. J. S. Leite and P. L. D. Peres},
title = {Gain scheduled state feedback control of discrete systems 
with time-varying uncertainties: {A}n {LMI} approach},
 booktitle = cdc44-ecc05,
 year = "2005",
 address = {Seville, Spain},
 month = {December},
 pages = {4305--4310},
}

@INPROCEEDINGS{MP:05b,
author = {V. F. Montagner and P. L. D. Peres},
title = {{${\mathcal{H}}_{\infty}$} parameter dependent state feedback control of 
linear time-varying systems in polytopic domains},
 booktitle = cdc44-ecc05,
 year = "2005",
 address = {Seville, Spain},
 month = {December},
 pages = {5006--5011},
}

@ARTICLE(dSTdO:03,
 author = "C. E. de{ }Souza and A. Trofino and J. de{ }Oliveira",
 title = {Parametric {L}yapunov function approach to $\mathcal{H}_2$
 analysis and control of linear parameter-dependent systems},
 journal =  ieepcta ,
 year = "2003",
 volume = "150",
 number = "5",
 pages = "501--508",
 month = "September"
)

@ARTICLE{Xie:05,
    author = {W. Xie},
    title = {{${\mathcal{H}}_2$} gain scheduled state feedback for {LPV} system
    with new {LMI} formulation},
    journal = ieepcta,
     month =     "November",
     year =      "2005",
     volume =    "152",
     number =    "6",
     pages =     "693--697",
}

@INPROCEEDINGS(dST:04,
 author = "C. E. de{ }Souza and A. Trofino",
 title = "Gain-scheduled $\mathcal{H}_2$ control of linear parameter
 varying systems using a parametric {L}yapunov function",
 booktitle = cdc43,
 year = "2004",
 OPTvolume = " ",
 pages = "2936--2941",
 month = "December",
 address = "Paradise Island, Bahamas",
)


@ARTICLE(KAG:99,
 author = "H. Kajiwara and P. Apkarian and P. Gahinet",
 title = "{LPV} techniques for control of an inverted pendulum",
 journal = ieeecs,
 year = "1999",
 volume = "19",
 number = "1",
 pages = "44--54",
 month = "February"
)


@ARTICLE(WD:06,
 author = "F. Wu and K. Dong",
 title = "Gain-scheduled control of {LFT} systems using parameter-dependent
 {L}yapunov functions",
 journal = aut,
 year = "2006",
 volume = "42",
 number = "1",
 pages = "39--50 ",
 month = "January",
)


@INPROCEEDINGS(LWY:02,
 author = {F. Liao and J. L. Wang and G. H. Yang},
 title = {Reliable aircraft tracking control via quadratic parameter-dependent
 {L}yapunov functions: {S}tate feedback case},
 booktitle =  cdc41,
 year = {2002},
 address = {Las Vegas, NV, USA},
 month = {December},
note={4474--4479}
)


@INPROCEEDINGS(WP:04,
 author = "F. Wu and S. Prajna",
 title = "A new solution approach to polynomial {LPV} system
 analysis and synthesis",
 booktitle =  acc04,
 year = "2004",
 pages = "1362--1367",
 address = "Boston, MA, USA",
 month = "June/July",
)

@INPROCEEDINGS(Tro:02,
 author = {A. Trofino},
 title = {Robust, stable and reduced order dynamic output
 feedback controllers with guaranteed $\mathcal{H}_2$ performance},
 booktitle =  cdc41,
 year = {2002},
 address = {Las Vegas, NV, USA},
 month = {December},
note={3470--3475}
)


@ARTICLE(MP:06,
 author = "V. F. Montagner and P. L. D. Peres",
 title = "State feedback gain scheduling for linear systems with
time-varying parameters",
 journal = jdsasme,
 year = "2006",
 volume = "128",
 number = "2",
 pages = "365--370",
 month = "June",
)

@ARTICLE{Xie:05b,
    author = {W. Xie},
 title = {Quadratic {L2} gain performance {LPV} system design by a {LTI} controller with {ILMI} algorithm},
 journal =  ieepcta,
 year = "2005",
 volume = "152",
 number = "2",
 pages = "125--128",
 month = "March"
}


@article{dST:06,
   author = {C. E. de{ }Souza  and A. Trofino},
   title = {Gain-scheduled {$\mathcal{H}_2$} controller synthesis for linear parameter varying systems via parameter-dependent {L}yapunov functions},
   journal =ijrnlc,
   volume ={16},
   number ={5},
   pages = {243--257},
   month = {March},
   year = "2006"
}

@INPROCEEDINGS(MOP:06b,
 author = {V. F. Montagner and R. C. L. F. Oliveira and P. L. D. Peres},
 title = {Design of {$\mathcal{H}_\infty$} gain-scheduled controllers for linear time-varying 
systems by means of polynomial {L}yapunov functions},
 booktitle = cdc45,
 year = {2006},
 pages = {5839--5844},
 address = {San Diego, CA, USA},
 month = {December}
)

@ARTICLE{WSGW:07,
 author = {J. Wang and P. Shi and H. Gao and J. Wang},
 title = {Gain-scheduled stabilisation of linear parameter-varying systems with time-varying input delay},
 journal = ietcta,
 volume = {1},
 number = {5},
 year = "2007",
 month={},
 pages = {1276--1285}
}

@ARTICLE{PEK:07,
 author = {I. Polat and E. Eskinat and I. E. Kose},
 title = {Dynamic output feedback control of quasi-{LPV} mechanical systems},
 journal = ietcta,
 volume = {1},
 number = {4},
 year = "2007",
 month={},
 pages = {1114--1121}
}

@ARTICLE{YO:07,
 author = {P. Yan and H. Ozbay},
 title = {On switching {$\mathcal{H}_\infty$} controllers for a class of linear parameter varying systems},
 journal = scl ,
 volume = {56},
 number = {7-8},
 year = "2007",
 month={},
 pages = {504--511}
}

@ARTICLE{DW:07,
 author = {K. Dong and F. Wu},
 title = {Robust and gain-scheduling control of {LFT} systems through duality and conjugate {L}yapunov functions},
 journal = ijc,
 volume = {80},
 number = {4},
 year = "2007",
 month={},
 pages = {555--568}
}

@ARTICLE{Ama:06,
 author = {F. Amato},
 title = {Robust control of linear systems subject to uncertain time-varying parameters},
 journal = {Lecture Notes in Control and Information Sciences} ,
 volume = {325},
 number = {1},
 year = "2006",
 month={},
 pages = {1--194}
}         

@Article{MOPB:07,
  author =   "V. F. Montagner and R. C. L. F. Oliveira and P. L. D. Peres and P.-A. Bliman",
  title =    {Linear matrix inequality characterisation for {$\mathcal{H}_{\infty}$} and {$\mathcal{H}_{2}$}
             guaranteed cost gain-scheduling quadratic stabilisation of linear time-varying polytopic systems},
  journal =  ietcta,
  year =     "2007",
  volume =   "1",
  number =   "6",
  pages =    "1726--1735",
  month =    "November"
}



@InProceedings{dCCPS:07,
  author       = "J. De{ }Caigny and J. F. Camino and B. Paijmans and J. Swevers",
  title        = "An application of interpolating gain-scheduling control",
  booktitle    = sssc07,
  month        = "October",
  year         = "2007",
  address      = "Foz do Iguassu, Brazil",
}


@Article{ABPB:02,
  author       = "N. Aouf and D. G. Bates and I. Postlethwaite and B. Boulet",
  title        = "Scheduling schemes for an integrated flight and propulsion control system",
  journal      = cep,
  year         = "2002",
  volume       = "10",
  number       = "1",
  pages        = "685--696",
}


@Article{NRR:93,
  author       = "R. A. Nichols and R. T. Reichert and W. J. Rugh",
  title        = "Gain scheduling for {H}-infinity controllers: {A} flight control example",
  journal      = ieeetcst,
  year         = "1993",
  volume       = "1",
  number       = "2",
  pages        = "69--79",
}

@InProceedings{BOAP:08a,
  author       = "R. A. Borges and R. C. L. F. Oliveira and C. T. Abdallah and P. L. D. Peres",
  title        = "{${\mathcal H}_{\infty}$} gain scheduling for discrete-time systems with control delays and time-varying parameters: {A} {BMI} approach",
  booktitle    = acc08,
  year         = "2008",
  address      = "Seattle, WA, USA", 
  month = {June},
  pages = {3088--3093}
}

@INPROCEEDINGS{dCCOPS:09b,
   author={J. De{ }Caigny and J. F. Camino and R. C. L. F. Oliveira and P. L. D. Peres and J. Swevers},
   title={Gain-scheduled {$\mathcal{H}_\infty$}-control for discrete-time polytopic {LPV} systems using homogeneous polynomially parameter-dependent {L}yapunov functions},
   booktitle = rocond09,
   address = {Haifa, Israel},
   year =    {2009},
   pages={19--24},
   month={June},
} 

@Article{MOPB:09,
  author =   "V. F. Montagner and R. C. L. F. Oliveira and P. L. D. Peres and P.-A. Bliman",
  title =    {Stability analysis and gain-scheduled state feedback control for continuous-time systems with bounded parameter variations},
  journal =  ijc,
  year =     "2009",
  volume =   "82",
  number =   "6",
  pages =    "1045--1059",
  month =    "June"
}


@Article{OP:09,
  author =   "R. C. L. F. Oliveira and P. L. D. Peres",
  title =    {Time-varying discrete-time linear systems with bounded rates of variation: {S}tability analysis and control design},
  journal =  aut,
  year =     "2009",
  volume =   "45",
  number =   "11",
  pages =    "2620--2626",
  month =    "November",
}


@Article{BOAP:10c,
  author       = "R. A. Borges and R. C. L. F. Oliveira and C. T. Abdallah and P. L. D. Peres",
  title        = "A {BMI} approach for {${\mathcal{H}}_{\infty}$} gain scheduling of discrete time-varying systems",
  journal      = ijrnlc,
  year         = "2010",
  volume       = "11",
  number       = "20",
  pages        = "1255--1268",
}


@Inproceedings{Sat:10b,
        author={M. Sato},
        title={Gain-scheduled {${\mathcal{H}}_\infty$} filters using inexactly measured scheduling parameters},
        booktitle=acc10,
        year={2010},
        month={June},
        volume={},
        number={},
        address={Baltimore, MD, USA},
        pages={3088--3093},
}


@Article{GHBB:10,
  author       = "W. Gilbert and D. Henrion and J. Bernussou and D. Boyer",
  title        = "Polynomial {LPV} synthesis applied to turbofan engines",
  journal      = cep,
  year         = "2010",
  volume       = "18",
  number       = "9",
  pages        = "1077--1083",
  month	       = "September", 
}

@ARTICLE{dCCOPS:12,
   author={J. De{ }Caigny and J. F. Camino and R. C. L. F. Oliveira and P. L. D. Peres and J. Swevers},
   title={Gain-scheduled dynamic output feedback control for discrete-time {LPV} systems},
   journal =      ijrnlc,
   volume = {22},
   number = {5},
   pages = {535--558},
   month = {March},
   year = {2012},
}

@ARTICLE{dCCOPS:10,
	author={J. De{ }Caigny and J. F. Camino and R. C. L. F. Oliveira and P. L. D. Peres and J. Swevers},
	title={Gain-scheduled {$\mathcal{H}_2$} and {$\mathcal{H}_\infty$} control of
         discrete-time polytopic time-varying systems},
	journal = ietcta,
	volume = {4},
	number = {3},
	month = {March},
	year = {2010},
	pages = {362--380},
}


@ARTICLE{dSFX:93,
	author = {C. E. de{ }Souza and M. Fu and L. Xie},
	title = {{$\mathcal{H}_\infty$} analysis and synthesis of discrete-time systems
	with time-varying uncertainty},
	journal = ieeetac,
	volume = {38},
	number = {3},
	month = {March},
	year = {1993},
	pages = {459--462},
}

@INPROCEEDINGS(Sat:11,
 author = {M. Sato},
 title = {Discrete-time gain-scheduled output-feedback controllers exploiting
inexact scheduling parameters via parameter-dependent {L}yapunov functions},
 booktitle = cdc50-ecc11,
 year = {2011},
 volume = {},
 pages = {1938--1943},
 address = {Orlando, FL, USA},
 month = {December},
)


@Inproceedings{SEP:10,
        author={M. Sato and Y. Ebihara and D. Peaucelle},
        title={Gain-scheduled state-feedback controllers using inexactly measured scheduling parameters: {${\mathcal{H}}_2$} and {${\mathcal{H}}_\infty$} problems},
        booktitle=acc10,
        year={2010},
    month={June-July},
        volume={},
        number={},
        address={Baltimore, MD, USA},
        pages={3094--3099},
}

@ARTICLE{APT:00,
	author = {P. Apkarian and P. C. Pellanda and H. D. Tuan},
	title = {Mixed {$\mathcal{H}_2$}/{$\mathcal{H}_\infty$} multi-channel 
                   linear parameter-varying control in discrete time},
	journal = scl,
	volume = {41},
	number = {5},
	month = {December},
	year = {2000},
	pages = {333--346},
}

@INPROCEEDINGS{ATOP:13a,
    author={C. M. Agulhari and E. S. Tognetti and R. C. L. F. Oliveira and P. L. D. Peres},
    title={{$\mathcal{H}_\infty$} dynamic output feedback for {LPV} systems subject to inexactly measured scheduling parameters},
    BOOKTITLE =   acc13,
  YEAR =         {2013},
  address =      {Washington, DC, USA},
  month =        {June},
  pages =            {6075--6080},
}

@InProceedings{AOP:12b,
 author = {C. M. Agulhari and R. C. L. F. Oliveira and P. L. D. Peres},
 title = {S\'intese de controladores escalonados {$\mathcal{H}_{\infty}$} din\^amicos de ordem reduzida para sistemas polit\'opicos lineares cont\'inuos e variantes no tempo},
 booktitle = cba12,
 year = {2012},
 address = {Campina Grande, PB, Brasil},
 month = {Setembro},
  pages = {2290--2297},
}


@INPROCEEDINGS{OBP:09,
AUTHOR = {R. C. L. F. Oliveira and P.-A. Bliman and P. L. D. Peres},
TITLE = {Selective gain-scheduling for continuous-time linear systems with parameters in multi-simplex},
booktitle = ecc09,
year = {2009},
address = {Budapest, Hungary},
month = {August},
pages = "213--218",
}

@ARTICLE{THV:10,
  author = {R. {T\'{o}}th and P. S. C. Heuberger and P. M. J. {Van den Hof}},
  title = {Discretisation of linear parameter-varying state-space representations},
  journal = ietcta,
  year = {2010},
  volume = {4},
  pages = {2082--2096},
  number = {10},
  month = {October},
}


@ARTICLE(Apk:97,
 author = "P. Apkarian",
 title = "On the discretization of {LMI}-synthesized linear
parameter-varying controllers",
 journal = aut,
 year = "1997",
 volume = "33",
 number = "4",
 pages = "655--661",
 month = "April",
)


@InCollection{dCCOPS:12a,
  author     =      {J. De{ }Caigny and J. F. Camino and R. C. L. F. Oliveira and P. L. D. Peres and J. Swevers},
  title      =      {Modeling and Control of {LPV} Systems: A Vibroacoustic Application},
  booktitle  =      {Control of Linear Parameter Varying Systems with Applications},
  pages      =     {357--379},
  publisher  =     {Springer},
  address    =     {New York},
  year       =     {2012},
  editor     =     {J. Mohammadpour and C. W. Scherer},
}

@book{MS:12,
        editor={J. Mohammadpour and C. W. Scherer},
        title={Control of Linear Parameter Varying Systems with Applications},
        publisher={Springer},
        year={2012},
        address={New York},
}


@ARTICLE{Sch:96,
  author = {C. W. Scherer},
  title = {Mixed {$\mathcal{H}_{2}/\mathcal{H}_{\infty}$} control for time-varying
	and linear parametrically-varying systems},
  journal = ijrnlc,
  year = {1996},
  volume = {6},
  pages = {929--952},
  number = {9-10},
 }

@INPROCEEDINGS{TGW:99,
  author = {K. Tan  and K. M. Grigoriadis and F. Wu},
  title = {State-feedback control of {LPV} sampled-data systems},
  booktitle = cdc38,
  year = {1999},
  volume = {4},
  pages = {3894--3899},
  address = {Phoenix, AR, USA},
}

@ARTICLE{TGW:02,
  author = {K. Tan  and K. M. Grigoriadis and F. Wu},
  title = {Output-feedback control of {LPV} sampled-data systems},
  journal = ijc,
  year = {2002},
  volume = {75},
  pages = {252--264},
  number = {4},
}

@ARTICLE{RMG:15,
  author = {A. Ramezanifar and J. Mohammadpour  and K. M. Grigoriadis},
  title = {Sampled-data $\mathcal{H}_{\infty}$ filtering for linear parameter varying systems},
  journal = ijss,
  year = {2015},
  volume = {46},
  pages = {474--487},
  number = {3},
 month = {March},
}

@BOOK{Bri:15,
  title = {Linear Parameter-Varying and Time-Delay Systems --- Analysis, Observation,
	Filtering and Control},
  publisher = {Springer-Verlag},
  year = {2015},
  author = {C. Briat},
  volume = {3},
  pages = {394},
  series = {Advances in Delays and Dynamics},
  address = {Berlin Heidelberg},
}

@ARTICLE{Bri:15b,
  author = {C. Briat},
  title = {Stability analysis and control of a class of {LPV} systems with piecewise
	constant parameters},
  journal = scl,
  year = {2015},
  volume = {82},
  pages = {10--17},
  month = {August}, 
}

@ARTICLE{Bri:13,
  author = {C. Briat},
  title = {Convex conditions for robust stability analysis and stabilization
	of linear aperiodic impulsive and sampled-data systems under dwell-time
	constraints},
  journal = aut,
  year = {2013},
  volume = {49},
  pages = {3449--3457},
  number = {11},
  month = {November}, 
}


@Inproceedings{Sat:15b,
        author={M. Sato},
        title={Gain-scheduled output feedback controllers for discrete-time {LPV} systems using bounded inexact scheduling parameters},
        booktitle=cdc54,
        year={2015},
        month={December},
        address={Osaka, Japan},
        pages={730--735},
}

@ARTICLE{HN:14,
author={M. Hanifzadegan  and R. Nagamune},
title={Smooth switching {LPV} controller design for {LPV} systems},
journal= aut,
year={2014},
volume={50},
number={5},
pages={1481--1488},
month={May}, 
}

@article{HPMOPS:16,
    author = {G. Hilhorst and G. Pipeleers and W. Michiels and R. C. L. F. Oliveira and P. L. D. Peres and J. Swevers},
    title = {Fixed-order linear parameter-varying feedback control of a lab-scale overhead crane},
    journal = ieeetcst,
    volume = {24},
    number = {5},
    pages = {1899--1907},
    year = {2016},
    month={September},
}


@ARTICLE{HW:15,
  author = {C. Hoffmann and H. Werner},
  title = {A survey of linear parameter-varying control applications validated
	by experiments or high-fidelity simulations},
  journal = ieeetcst,
  year = {2015},
  volume = {23},
  pages = {416--433},
  number = {2},
  month = {March},
}

@INPROCEEDINGS{KAL:09,
  author = {P. N. Kvieska and M. A{\"i}t-Ahmed and G. Lebret},
  title = {{LPV} systems: {T}heoretical results for gain scheduling},
  booktitle = ecc09,
  year = {2009},
  pages = {3166--3171},
  month = {August},
address = {Budapest, Hungary},
}

@INPROCEEDINGS{SAW:08,
  author = {N. Lachhab and H. Abbas and H. Werner},
  title = {A neural-network based technique for modelling and {LPV} control
	of an arm-driven inverted pendulum},
  booktitle = cdc47,
  year = {2008},
  pages = {3860--3865},
  month = {December},
  address =      "Cancun, Mexico",
}
@INPROCEEDINGS{YLL:13,
  author = {X. Yu and J. Liu and H. Li},
  title = {Performance analysis of adaptive filters for time-varying systems},
  booktitle = ccc32,
  year = {2013},
  pages = {8572--8575},
  month = {July},
  address = {Xi'an, China}, 
}

