

@ARTICLE(RAB:04a,
 author = "R. A. Ramos and L. F. C. Alberto and N. G. Bretas",
 title = "A new methodology for the coordinated design of robust
 decentralized power systems damping controllers",
 journal = ieeetps,
 year = "2004",
 volume = "19",
 number = "1",
 pages = "444--454",
 month = "February"
)


@article{dORB:10,
 author={R. V. de Oliveira and R. A. Ramos and N. G. Bretas},
 year={2010},
 title={An algorithm for computerized automatic tuning of power system stabilizers},
 journal=cep,
 volume={18},
 number={1},
 month = {January}
}

@PhdThesis{Ram:02,
 author = {R. A. Ramos},
 title = {Procedimento de Projeto de Controladores Robustos para o Amortecimento de Oscila{\c{c}\~{o}es} Eletrome{c\^{a}}nicas em Sistemas de Po{t\^{e}n}cia},
 school = {EESC --- Universidade de São Paulo},
 year = {2002},
 OPTkey = {},
 OPTtype = {},
 OPTaddress = {},
 OPTmonth = {},
 OPTnote = {},
 OPTannote = {},
 OPTurl = {},
 OPTdoi = {},
 OPTissn = {},
 OPTlocalfile = {},
 OPTabstract = {},
}

@article{SEBM:09,
        author={M. Soliman  and A. L. Elshafei and F. Bendary and W. Mansour},
        year={2009},
        title={{LMI} static output-feedback design of fuzzy power system stabilizers},
        journal= eswa,
        volume={36},
        number={3, Part 2},
        pages={6817--6825},
        month={April}
}

@article{SEBM:10,
        author={M. Soliman  and A. L. Elshafei and F. Bendary and W. Mansour},
        year={2010},
        title={Robust decentralized {PID}-based power system stabilizer design using an {ILMI} approach},
        journal=epsr,
        volume={80},
        number={12},
        pages={1488--1497},
        month={December}
}


@article{RAB:03,
        author={R. A. Ramos and L. F. C. Alberto and N. G. Bretas},
        year={2003},
        title={Linear matrix inequality based controller design with feedback linearisation: {A}pplication to power systems},
        journal=ieepcta,
        volume={150},
        number={5},
        pages={551--556},
        month={September}
}

@article{dORB:07,
 author={R. V. de Oliveira and R. A. Ramos and N. G. Bretas},
        year={2007},
        title={Using the output energy as performance index in the design of damping controllers for power systems},
        journal=ietcta,
        volume={1},
        number={5},
        pages={1191--1199},
        month={September}
}

@article{dORB:05,
   author = {R. V. de Oliveira and R. A. Ramos and N. G. Bretas},
   title = {Controlador robusto multiobjetivo para o amortecimento de oscila{\c{c}\~{o}es} eletrome{c\^{a}}nicas em sistemas e{l\'{e}}tricos de po{t\^{e}n}cia},
   journal = sba,
   volume = {16},
   number = {3},
   pages = {290--302},
   year = {2005},
   month = {Jul/Set}
}

@article{KRB:09,
   author = {R. Kuiava and R. A. Ramos and N. G. Bretas},
   title = {Robust control methodology for the design of supplementary damping controllers for {FACTS} devices},
   journal = sba,
   volume = {20},
   number = {2},
   pages = {192--205},
   year = {2009},
   month = {Abr/Jun}
}

@article{RMB:05,
        author={R. A. Ramos and A. C. P. Martins  and N. G. Bretas},
        year={2005},
        title={An improved methodology for the design of power system damping controllers},
        journal=ieeetps,
        volume={20},
        number={4},
        pages={1938--1945},
        month={November}
}


@INPROCEEDINGS(RAB:04b, 
        author={R. A. Ramos and L. F. C. Alberto and N. G. Bretas},
        title={A new {LMI}-based procedure for the design of robust damping controllers for power systems},
        booktitle = cdc43,
        year = "2004",
 OPTvolume = " ",
 pages = "4467--4472",
 month = "December",
 address = "Paradise Island, Bahamas",
)


@article{RAB:04c,
        author={R. A. Ramos and L. F. C. Alberto and N. G. Bretas},
        year={2004},
        title={Decentralized output feedback controller design for the damping of electromechanical oscillations},
        journal=ijepes,
        volume={26},
        number={3},
        pages={207--219}, 
        month={March}
}


@ARTICLE{DN:08,
  author = {M. Dehghani and S. K. Y. Nikravesh},
  title = {Nonlinear state space model identification of synchronous generators},
  journal = epsr,
  year = {2008},
  volume = {78},
  pages = {926--940},
  number = {5},
  month = {May},
}

%
% As macros para os nomes de jornais e congressos estao
% no arquivo listacompleta.bib. Novos nomes devem ser
% incluidos la. Pedro, 10.11.2003
%


@ARTICLE(Sir:91,
 author = "H. Sira-Ramirez",
 title = "Nonlinear {P-I} controller design for switched mode dc-to-dc power converters",
 journal = ieeetcsI,
 year = "1991",
 volume = "38",
 number = "4",
 pages = "410--417",
 month = "April"
)



@ARTICLE(SV:92,
 author = "S. R. Sanders and G. C. Verghese",
 title = "Lyapunov-based control for switched power converters",
 journal = ieeetpe,
 year = "1992",
 volume = "7",
 number = "1",
 pages = "17--24",
 month="January"
)


@BOOK(KSV:91,
 author = "J. G. Kassakian and M. F. Schlecht and G. C. Verghese",
 title = "Principles of Power Electronics",
 publisher = "Addison-Wesley",
 year = "1991",
 address = "Boston, MA"
)


@ARTICLE(Bus:99,
 author = "S. Buso",
 title = "Design of a robust voltage controller for a buck-boost converter using
$\mu$-synthesis",
 journal = ieeetcst,
 year = "1999",
 volume = "7",
 number = "2",
 pages = "222--229"
)


@ARTICLE(WT:00,
 author = "G. F. Wallis and R. Tymerski",
 title = "Generalized approach for $\mu$-synthesis of robust switching regulators",
 journal = ieeetaes,
 year = "2000",
 volume = "36",
 number = "2",
 pages = "422--431"
)


@ARTICLE(GKH:87,
 author = "K. P. Gokhale and A. Kawamura and R. G. Hoft",
 title = "Dead beat microprocessor control of {PWM} inverter for sinusoidal output waveform synthesis",
 journal = ieeetia,
 year = "1987",
 volume = "23",
 number = "5",
 pages = "901--910",
 month="September/October"
)

@ARTICLE(HKH:88,
 author = "T. Haneyoshi and A. Kawamura and R. G. Hoft",
 title = "Waveform compensation of {PWM} inverter with cyclic fluctuating loads",
 journal = ieeetia,
 year = "1988",
 volume = "24",
 number = "4",
 pages = "582--589",
 month = "July/August" 
)


@ARTICLE(TOJC:97,
 author = "Y. Y. Tzou and R. S. Ou and S. L. Jung and M. Y. Chang",
 title = "High-performance programmable {AC} power source with low harmonic distortion using {DSP}-based repetitive control technique",
 journal = ieeetpe,
 year = "1997",
 volume = "12",
 number = "4",
 pages = "715--725",
month ="July"
)


@ARTICLE(LCC:01,
 author = "T. Lee and S. Chiang and J. Chang",
 title = "{$\Hi$} loop-shaping controller designs for the single-phase {UPS} inverters",
 journal = ieeetpe,
 year = "2001",
 volume = "16",
 number = "4",
 pages = "1397--1402"
)


@ARTICLE(BFM:01,
 author = "S. Buso and S. Fasolo and P. Mattaveli",
 title = "Uninterruptible power supply multiloop control employing digital predictive
voltage and current regulators",
 journal = ieeetia,
 year = "2001",
 volume = "37",
 number = "6",
 pages = "1846--1854",
 month = "November/December"
)


@ARTICLE(LSBMGG:01,
 author = "R. Leyva and L. Mart{\'{\i}}nez-Salamero and H. Valderrama-Blavi and J. Maix{\'{e}} 
and R. Giral and F. Guinjoan",
 title = "Linear state-feedback control of a {B}oost converter for large-signal stability",
 journal = ieeetcsI,
 year = "2001",
 volume = "48",
 number = "4",
 pages = "418--424",
 month= "April"
)


@ARTICLE(RS:01,
 author = "J. L. Ramos and J. A. M. Saldanha",
 title = "Uncertainty Models for Switch-Mode {DC-DC} Converters",
 journal = ieeetcsI,
 year = "2001",
 volume = "47",
 number = "2",
 pages = "200--203",
 month= "February"
)


@ARTICLE(WHG:98,
 author = "Y. Wang and D. J. Hill and G. Guo",
 title = "Robust decentralized control for multimachine power systems",
 journal = ieeetcsI,
 year = "1998",
 volume = "45",
 number = "3",
 pages = "271--279", 
 month= "March"
)



@Inproceedings{VSVG:99,
	author={E. Vidal-Idiarte and L. M. Salamero and 
H. Valderrama and F. Guinjoa},
	title={{$\mathcal{H}_{\infty}$} control of {DC}-to-{DC} switching converters},
	booktitle={1999 IEEE International Symposium on 
                 Circuits and Systems, ISCAS-1999},
	volume={5},
	address={Orlando, FL},
	pages={238--241},
	year={1999},
	month={},
}


@Inproceedings{BE:02,
	author={S. B. Bekiarov and A. Emadi},
	title={Uninterruptible power supplies: classification, operation, dynamics, and control},
	booktitle={2002 IEEE Applied Power Electronics Conference and Exposition, APEC-2002},
	volume={1},
	address={Los Cabos, Mexico},
	pages={597--604},
	year={2002},
	month={October},
}


@Inproceedings{KHH:86,
	author={A. Kawamura and T. Haneyoshi and R. G. Hoft},
	title={Deadbeat controlled {PWM} inverter with parameter estimation using only voltage sensor},
	booktitle={1986 IEEE Power Electronics Specialist Conference, PESC-1986},
	volume={},
	address={},
	pages={576--583},
	year={1986},
	month={},
}

@Inproceedings{JLSC:01,
	author={J. Jang and K. Lee and J. Song and I. Choy},
	title={Disturbance observer-based digital control for single-phase {UPS} inverters},
	booktitle={2001 IEEE International Symposium on Industrial Electronics, ISIE-2001},
	volume={},
	address={Pusan, Korea},
	pages={1095--1099},
	year={2001},
	month={June},
}


@Inproceedings{RPGP:00,
	author={C. Rech and H. Pinheiro and H. A. Gr{\"{u}}ndling and J. R. Pinheiro},
	title={Comparison of Discrete Control Techniques for {UPS} Applications},
	booktitle={2000 IEEE Industry Applications Society Conference, IAS-2000},
	volume={},
	address={},
	pages={2531--2537},
	year={2000},
	month={},
}


@Inproceedings{GCP:97,
	author={H. A. Gr{\"{u}}ndling and E. G. Carati and J. R. Pinheiro},
	title={A robust model reference adaptive controller for {UPS} applications},
	booktitle={1997 IEEE Industry Applications Society Conference, IAS-1997},
	volume={2},
	address={},
	pages={901--905},
	year={1997},
	month={},
}


@Inproceedings{MCG:03,
	author={V. F. Montagner and E. G. Carati and H. A. Gr{\"{u}}ndling},
	title={Design and analysis of a linear quadratic regulator with repetitive controller for {AC} power supplies},
	booktitle={2003 IEEE International Symposium on Industrial Electronics, ISIE-2003},
	volume={3},
	address={Rio de Janeiro, Brazil},
	pages={109--114},
	year={2003},
	month={June},
        OPTnote = ""
}

@Inproceedings{MP:03a,
	author={V. F. Montagner and P. L. D. Peres},
	title={{${\mathcal{H}}_{\infty}$} control with pole location for a 
{DC-DC} converter with a switched load},
	booktitle={2003 IEEE International Symposium on Industrial Electronics, ISIE-2003},
	OPTvolume={ },
	address={Rio de Janeiro, Brazil},
	pages={ },
	year={2003},
	month={June},
        note = "in CD-rom"
}





@manual{IEEE446:95,
	title={IEEE Recommended Practice for Emergency and Standby Power Systems for Industrial and Commercial Applications: {\em{IEEE-446}}},
	organization={IEEE},
	year={1995},
	address={USA}
}


@ARTICLE(RPGHP:03,
 author = "C. Rech and H. Pinheiro and H. A. Gr{\"{u}}ndling 
		and H. L. Hey and J. R. Pinheiro",
 title = "Comparison of digital control techniques with repetitive integral
	action for low cost {PWM} inverters",
 journal = ieeetpe,
 year = "2003",
 volume = "18",
 number = "1",
 pages = "401--410", 
 month= "January"
)

% nova referencia: artigo do ISCAS'03, acrescentado por Vinicius em 07/10/2003

@Inproceedings{MP:03b,
	author={V. F. Montagner and P. L. D. Peres},
	title={Robust pole location for a {DC}-{DC} converter through parameter dependent control},
	booktitle={2003 IEEE International Symposium on Circuits and Systems, ISCAS-2003},
	volume={3},
	address={Bangkok, Thailand},
	pages={351--354},
	year={2003},
	month={May},
}


% nova referencia: artigo do IECON'03, acrescentado por Vinicius em 07/10/2003

@Inproceedings{MP:03c,
	author={V. F. Montagner and P. L. D. Peres},
	title={Robust state feedback control applied to a {UPS} system},
	booktitle={2003 IEEE Industrial Electronics Society Conference, IECON-2003},
	volume={1},
	address={Roanoke, VA},
	pages={2245--2250},
	year={2003},
	month={November},
}

% vinicius abril/2004

@ARTICLE(KCH:88,
 author = "A. Kawamura and R. Chuarayapratip and T. Haneyoshi",
 title = "Deadbeat control of {PWM} inverter with modified pulse patterns for uninterruptible power supply",
 journal = ieeetie,
 year = "1988",
 volume = "35",
 number = "2",
 pages = "295--300",
 month="May"
)

@INPROCEEDINGS(ANK:99,
 author =  "S. Ayasun and C. O. Nwankpa and H. G. Kwatny",
 title = "Numerical issues in the location of singularity-induced 
 	bifurcations points",
 booktitle =  "Proceedings of the 1999 Winter Meeting of the Power
  Engineering Society",
 year ="1999",
 volume =  "1",
 pages = "707--712",
 month = "February"
)
@ARTICLE(BDS:00,
 author = "A. Berlioz and R. Dufour and S. C. Sinha",
 title = "Bifurcation in a nonlinear autoparametric system using 
 	experimental and numerical investigations",
 journal = "Nonlinear Dynamics",
 year = {2000},
 volume = {23},
 number = {2},
 pages = {175--187},
 month = {October}
)
@ARTICLE(BS:98a,
 author = "E. A. Butcher and S. C. Sinha",
 title = "Symbolic computation of local stability and bifurcation surfaces
 	for nonlinear time-periodic systems",
 journal = "Nonlinear Dynamics",
 year = {1998},
 volume = {17},
 number = {7},
 pages = {1--21},
 month = {September}
)
@ARTICLE(BS:98b,
 author = "E. A. Butcher and S. C. Sinha",
 title = "Symbolic computation of secondary bifurcations in a parametrically
  excited simple pendulum",
 journal = "International Journal of Bifurcation and Chaos",
 year = {1998},
 volume = {8},
 number = {3},
 pages = {627--637},
 month = {March}
)
@ARTICLE(KK:95,
 author = "W. Kleczka and E. Kreuzer",
 title = "On the systematic analytic-numeric bifurcation analysis",
 journal = "Nonlinear Dynamics",
 year = {1995},
 volume = {7},
 number = {2},
 pages = {149--163},
 month = {March}
)
@INPROCEEDINGS(KC:98,
 author =  "H. G. Kwatny and B. C. Changy",
 title = "Generating parameter-dependent linear families from nonlinear
  dynamics",
 booktitle =  acc98,
 year = "1998",
 volume =  "5",
 pages = "2662--2666",
 month = "June",
 address = "Philadelphia, PA"
)
@ARTICLE(TKM:99,
 author = "C. Teolis and M. Mattice and H. G. Kwatny",
 title = "Symbolic computing tools for nonsmooth dynamics and control",
 journal = "Variable Structure Systems, Sliding Mode and Nonlinear Control",
 year = {1999},
 volume = {247},
 pages = {237--262}
)
@ARTICLE(JV:96,
 author = "W. Ji and V. Venkatasubramanian",
 title = "Hard-limit induced chaos in a fundamental power system model",
 journal = "Electrical Power \& Energy Systems",
 year = {1996},
 volume = {18},
 number = {5},
 pages = {279--295}
)
@INPROCEEDINGS(KBY:90,
 author =  "H. G. Kwatny and L. Y. Bahar and X. M. Yu",
 title = "Computer analysis of static bifurcation in power networks",
 booktitle =  cdc29,
 year = "1990",
 volume =  "6",
 pages = "3063--3064",
 month = "December",
 address = "Honolulu, HI, USA"
)
@ARTICLE(KBN:95b,
 author = "H. G. Kwatny and R. F. Fischi and C. O. Nwankpa",
 title = "Local bifurcation in power systems: theory, computation and
  application",
 journal = "Proceedings of IEEE, special issue on Nonlinear Phenomena in
  Power Systems: Theory and Practical Applications",
 year = {1995},
 volume = {83},
 number = {11},
 pages = {1456--1483},
 month = {November}
)
@ARTICLE(KP:90b,
 author = "H. G. Kwatny and G. E. Piper",
 title = "Frequency domain analysis of {H}opf bifurcations in electric power  networks",
 journal = "IEEE Transactions on Circuits and Systems",
 year = {1990},
 volume = {37},
 number = {10},
 pages = {1317--1321},
 month = {October}
)
@INPROCEEDINGS(KBN:95a,
 author =  "H. G. Kwatny and X. M. Yu and C. O. Nwankpa",
 title = "Local bifurcation analysis of power systems using {MATLAB}",
 booktitle =  "Proceedings of the 4th IEEE Conference on Control
  Applications",
 year = "1995",
 volume =  "1",
 pages = "57--62",
 month = "September",
 address = "Albany, NY"
)
@ARTICLE(RP:99,
 author = "K. G. Rajesh and K. R. Padiyar",
 title = "Bifurcation analysis of a three node power system with detailed
  models",
 journal = "Electrical Power and Energy Systems",
 year = {1999},
 volume = {21},
 number = {5},
 pages = {375--393},
 month = {June}
)
@BOOK(Kuz:98,
 author = "Y. A. Kuznetsov",
 title = "Elements of Applied Bifurcation Theory",
 publisher = "Springer Verlag",
 series = "Applied Mathematical Series",
 volume = "112",
 year = "1998",
 address = "New York, NY"
)
@BOOK(GH:86,
 author = "J. Guckenheimer and P. Holmes",
 title = "Nonlinear Oscillations, Dynamical Systems and Bifurcations of
  Vector Fields",
 publisher = "Springer Verlag",
 edition = "2nd",
 year = "1986",
 address = "New York, NY"
)
@BOOK(Sey:94,
 author = "R. Seydel",
 title = "Practical Bifurcations and Stability Analysis",
 publisher = "Springer Verlag",
 edition = "2nd",
 year = "1994",
 address = "New York, NY"
)
@ARTICLE(GMS:97,
 author = "J. Guckenheimer and M. Myers and B. Sturmfels",
 title = "Computing {H}opf bifurcations {I}",
 journal = "SIAM Journal on Numerical Analysis",
 year = {1997},
 volume = {34},
 number = {1},
 pages = {1--21},
 month = {February}
)
@INPROCEEDINGS(MPB:99,
 author =  "U. F. Moreno and P. L. D. Peres and I. S. Bonatti",
 title = "Analysis of bifurcation parameters by symbolic computation",
 booktitle =  "Proceedings of the 42nd Midwest Symposium on Circuits and
  Systems",
 year = "1999",
 volume =  "2",
 pages = "575--57",
 month = "August",
 address = "Las Cruces, NM"
)
@BOOK(Gov:00,
 author = "W. J. F. Govaerts",
 title = "Numerical Methods for Bifurcations of Dynamical Equilibria",
 publisher = "SIAM",
 year = "2000",
 address = "Philadelphia, PA, USA"
)
@BOOK(Lue:79,
 author = "D. G. Luenberger",
 title = "Introduction to Dynamic Systems. Theory, Models {\&} Apllications",
 publisher = "John Wiley {\&} Sons, Inc.",
 year = "1979",
 address = "New York, NY, USA"
)

