@Book{LVS:12,
author = {F. L. Lewis and D. L. Vrabie and V. L. Syrmos},
title = {Optimal Control},
publisher = {Wiley},
year = {2012},
address = {New Jersey},
edition = {3},
ISBN = {9780470633496},
}

@InProceedings{AP:08,
author = {S. J. Ainikkal and I. R. Petersen},
title = {Formulas for Discrete Time {LQR}, {LQG}, {LEQG} and Minimax {LQG} Optimal Control Problems},
booktitle = ifac08,
pages = {8773-8778},
year = {2008},
month = {Jul},
}

@ARTICLE{KPT:85,
author = {P. P. Khargonekar and K. Poolla and A. Tannenbaum},
journal=ieeetac,
title={Robust control of linear time-invariant plants using periodic compensation},
year={1985},
month={Nov},
volume={30},
number={11},
pages={1088-1096},
ISSN={0018-9286},
}

@Book{BC:09,
author = {S. Bittanti and P. Colaneri},
title = {Periodic Systems - Filtering and Control},
publisher = {Springer-Verlag},
year = {2009},
series = {Communications and Control Engineering},
edition = {1st},
}

@article{LW:07,
title = {Robust Kalman Filtering for Discrete-Time Systems with Multiple Time-Delayed Measurements},
author = {X. Lu and W. Wang},
journal = cssp,
publisher = {Birkhäuser-Verlag},
pages = {551-571},
year = {2007},
volume = {26},
number = {4},
}


@ARTICLE{LYZ:14,
 author = {Z. Li and Z. Yu and H. Zhao},
 title = {Further result on {${\mathcal{H}}_\infty$} filter design for continuous-time Markovian jump systems with time-varying delay},
 journal = jfi,
 year = {2014},
 volume = {351},
  number = {9},
  month=  {September}, 
 pages = {4619--4635},
}


@ARTICLE{KZL:10,
 author = {H. R. Karimi and M. Zapateiro and N. Luo},
 title = {A linear matrix inequality approach to robust fault detection filter design of linear systems with mixed time-varying delays and nonlinear perturbations},
 journal = jfi,
 year = {2010},
 volume = {347},
  number = {6},
  month=  {August}, 
 pages = {957--973},
}

@ARTICLE{AN:09,
author={W. Assawinchaichote and S. K. Nguang},
journal=ieeetsp,
title={$\mathcal{H}_{\infty}$ filtering for fuzzy singularly perturbed systems with pole placement constraints: an {LMI} approach},
year={2004},
month={June},
volume={52},
number={6},
pages={1659--1667},
ISSN={1053-587X},
}

@InProceedings{FOP:14,
 author = {L. Frezzatto and R. C. L. F. Oliveira and P. L. D. Peres},
 title = {Realimentação de Estados Robusta $\mathcal{H}_{2}$ e $\mathcal{H}_{\infty}$ com Memória para Sistemas Discretos Politópicos},
 booktitle = {Anais do XX Congresso Brasileiro de Autom\'{a}tica},
 year = {2014},
 address = {Belo Horizonte, MG, Brasil},
 month = {Setembro},
 pages = {1104--1111},
}

@ARTICLE{XYZX:15,
author={X. Xie and D. Yue and H. Zhang and Y. Xue},
journal=ieeetcyb,
title= {Control Synthesis of Discrete-Time {T--S} Fuzzy Systems via a Multi-Instant Homogenous Polynomial Approach},
year={2015},
month={},
volume={PP},
number={99},
pages={1-1},
note = {To appear}
}

@article{CMLG:11,
   title = {Minimiza\c{c}\~{a}o do custo $\mathcal{H}_{\infty}$ de sistemas incertos discretos no tempo com atraso nos estados},
   journal = sba,
   author={A. F. Caldeira and M. F. Miranda and V. J. S. Leite and E. N. Gonçalves},
   ISSN = {0103-1759},
   volume = {22},
   number = {3},
   year = {2011},
   month = {June},
   pages = {256 -- 272},
   publisher = {Scielo},
   }

@article{CPT:15,
title = "New approach to $\mathcal{H}_{\infty}$ filtering for discrete-time systems with polytopic uncertainties ",
journal = sp,
volume = "113",
pages = {147--158},
month = {August},
year = "2015",
issn = "0165-1684",
author = "X.-H. Chang and J. H. Park and Z. Tang",
}

@ARTICLE{Lue:64,
author={D. G. Luenberger},
journal={{IEEE} Transactions on Military Electronics},
title={Observing the State of a Linear System},
month={April},
year={1964},
volume={8},
number={2},
pages={74--80},
ISSN={0536-1559},
}

@INPROCEEDINGS{SK:06,
author={C. W. Scherer and I. E. K\"{o}se},
booktitle=cdc45,
title={Robust $\mathcal{H}_{2}$ Estimation with Dynamic {IQC}s: A Convex Solution},
year={2006},
pages={4746--4751},
month={December},
address = {San Diego, CA, USA},
}

@article{GR:06,
title = "$\mathcal{H}_{2}$ Optimal Robust Filtering ",
journal = ejc,
volume = "12",
number = "1",
pages = {30--39},
year = "2006",
issn = "0947-3580",
author = "J. C. Geromel and L. A. V. Regis Filho",
}

@INPROCEEDINGS{TK:95,
author={K. Takaba and T. Katayama},
booktitle=cdc34,
title={Discrete-time algebraic {R}iccati equation arising in $\mathcal{H}_{\infty}$ filtering problem},
year={1995},
volume = {4},
pages={4163--4168},
ISSN={0191-2216},
month={December},
address = {New Orleans, LA, USA},
}

@INPROCEEDINGS{YH:00,
author={Fuwen Yang and Hung, Y.S.},
booktitle={Proceedings of the 2000 IEEE Conference on Control Applications},
title={Robust $\mathcal{H}_{\infty}$ filtering with error variance constraints for uncertain discrete-time systems},
year={2000},
pages={635--640},
month={September},
address = {Anchorage, AK, USA},
}

@ARTICLE{SXS:01,
author={U. Shaked and L. Xie and Y. C. Soh},
journal=ieeetsp,
title={New approaches to robust minimum variance filter design},
year={2001},
volume={49},
number={11},
pages={2620--2629},
doi={10.1109/78.960408},
ISSN={1053-587X},
month={November},}

@PhdThesis{dOl:99,
author = {M. C. de{ }Oliveira},
title = {Controle de sistemas lineares baseado nas desigualdades
                  matriciais lineares},
school = {University of Campinas},
year = {1999},
address = {Campinas, SP, Brazil},
month = {May},
type = {PhD Thesis},
}

@article{GL:14b,
author = {A. Geletu and P. Li},
title = {Recent Developments in Computational Approaches to
                  Optimization under Uncertainty and Application in
                  Process Systems Engineering},
journal = {ChemBioEng Reviews},
volume = {1},
number = {4},
publisher = {WILEY-VCH Verlag},
issn = {2196-9744},
doi = {10.1002/cben.201400013},
pages = {170--190},
year = {2014},
}

@Article{Jai:75,
  author = 	 {B. N. Jain},
  title = 	 {Guaranteed error estimation in uncertain systems},
  journal = 	 ieeetac,
  year = 	 {1975},
  volume = 	 {20},
  number = 	 {2},
  pages = 	 {230--232},
  month = 	 {April},
}

@Book{LYCC:16,
  author = 	 {S. Li and J. Yang and W.-H. Chen and X. Chen},
  title = 	 {Disturbance observer-based control: {M}ethods and
                  applications},
  publisher = 	 {CRC Press},
  year = 	 {2016},
  address =      {Boca Raton, FL, USA},
}

@article{GC:14,
title = "Anti-disturbance control theory for systems with multiple
                  disturbances: {A} survey",
journal = isat,
volume = "53",
number = "4",
pages = "846--849",
year = "2014",
issn = "0019-0578",
author = "L. Guo and S. Cao",
month = "July",
}

@ARTICLE{XG:00,
author={L.-L. Xie and L. Guo},
journal=ieeetac,
title={How much uncertainty can be dealt with by feedback?},
year={2000},
volume={45},
number={12},
pages={2203--2217},
doi={10.1109/9.895559},
ISSN={0018-9286},
month={December},
}

@ARTICLE{CYGL:16,
author={W. H. Chen and J. Yang and L. Guo and S. Li},
journal=ieeetie,
title={Disturbance-Observer-Based Control and Related Methods
                  --- {A}n Overview},
year={2016},
volume={63},
number={2},
pages={1083--1095},
doi={10.1109/TIE.2015.2478397},
ISSN={0278-0046},
month={February},
}

@ARTICLE{IM:15,
author={D. Ichalal and S. Mammar},
journal=ieeetie,
title={On Unknown Input Observers for LPV Systems},
year={2015},
volume={62},
number={9},
pages={5870--5880},
doi={10.1109/TIE.2015.2448055},
ISSN={0278-0046},
month={September},
}

@Book{LGBdS:11,
  author = 	 {Z. Lendek and T. M. Guerra and R. Babuska and B. De{
                  }Schutter},
  title = 	 {Stability analysis and nonlinear observer design
                  using {T}akagi-{S}ugeno fuzzy models},
  publisher = 	 {Springer},
  year = 	 {2011},
  address =      {Berlin, Germany},
}

@ARTICLE{Koe:05,
author={D. Koenig},
journal=ieeetac,
title={Unknown input proportional multiple-integral observer design
                  for linear descriptor systems: {A}pplication to
                  state and fault estimation},
year={2005},
volume={50},
number={2},
pages={212--217},
doi={10.1109/TAC.2004.841889},
ISSN={0018-9286},
month={February},
}

@ARTICLE{Koe:06,
author={D. Koenig},
journal=ieeetac,
title={Observer design for unknown input nonlinear descriptor systems
                  via convex optimization},
year={2006},
volume={51},
number={6},
pages={1047--1052},
doi={10.1109/TAC.2006.876807},
ISSN={0018-9286},
month={June},
}

@ARTICLE{Lue:71,
author={D. Luenberger},
journal=ieeetac,
title={An introduction to observers},
year={1971},
volume={16},
number={6},
pages={596--602},
doi={10.1109/TAC.1971.1099826},
ISSN={0018-9286},
month={December},
}

@ARTICLE{YCY:05,
author={D.-L. Yu and T. K. Chang and D.-W. Yu},
journal=ieeetsmcb,
title={Fault tolerant control of multivariable processes using
                  auto-tuning {PID} controller},
year={2005},
volume={35},
number={1},
pages={32--43},
doi={10.1109/TSMCB.2004.839247},
ISSN={1083-4419},
month={February},
}

@article{CH:16,
author = {F. Caliskan  and C. Hajiyev },
title = {Active Fault-Tolerant Control of {UAV} Dynamics against
                  Sensor-Actuator Failures},
journal = {Journal of Aerospace Engineering},
volume = {29},
number = {4},
pages = {04016012},
year = {2016},
doi = {10.1061/(ASCE)AS.1943-5525.0000579},
}

@article{BFKPS:00,
title = "What is Fault-Tolerant Control?",
journal = "IFAC Proceedings Volumes",
volume = "33",
number = "11",
pages = "41--52",
year = "2000",
note = "4th IFAC Symposium on Fault Detection, Supervision and Safety
                  for Technical Processes 2000 (SAFEPROCESS 2000),
                  Budapest, Hungary, 14-16 June 2000",
issn = "1474-6670",
doi = "https://doi.org/10.1016/S1474-6670(17)37338-X",
author = "M. Blanke and W. C. Frei and F. Kraus and J. R. Patton and
                  M. Staroswiecki",
}

@ARTICLE{ZDZ:16,
author={M. Zhong and S. X. Ding and D. Zhou},
journal=ieeetac,
title={A New Scheme of Fault Detection for Linear Discrete
                  Time-Varying Systems},
year={2016},
volume={61},
number={9},
pages={2597--2602},
doi={10.1109/TAC.2015.2497899},
ISSN={0018-9286},
month={September},
}

@INPROCEEDINGS{LWB:15,
author={Y. Liu and F. Wu and X. Ban},
booktitle=acc15,
title={Robust fault detection filter design for linear uncertain
                  systems with unknown inputs},
year={2015},
volume={},
number={},
address={Chicago, IL, USA},
pages={886--891},
ISSN={0743-1619},
month={July},
}

@article{WBPRN:16,
author = {M. Witczak and M. Buciakowski and V. Puig and D. Rotondo and
                  F. Nejjari},
title = {An {LMI} approach to robust fault estimation for a class of
                  nonlinear systems},
journal = ijrnlc,
volume = {26},
number = {7},
pages = {1530--1548},
year = {2016},
month = {May},
}

@ARTICLE{HZCQ:17,
author={H. Hassani and J. Zarei and M. Chadli and J. Qiu},
journal=ieeetcyb,
title={Unknown Input Observer Design for Interval Type-2 {T–S} Fuzzy
                  Systems With Immeasurable Premise Variables},
year={2017},
volume={47},
number={9},
pages={2639--2650},
ISSN={2168-2267},
month={September},
}

@article{MASN:17,
author = {R. Mohajerpoor and H. Abdi and L. Shanmugam and
                  S. Nahavandi},
title = {Minimum-order filter design for partial state estimation of
                  linear systems with multiple time-varying state
                  delays and unknown input delays},
journal = ijrnlc,
volume = {27},
number = {3},
pages = {393--409},
year = {2017},
month = {February},
}

@article{ZJC:16,
title = "Fuzzy unknown input observer-based robust fault estimation
                  design for discrete-time fuzzy systems",
journal = sp,
volume = "128",
pages = "40--47",
year = "2016",
month = "November",
issn = "0165-1684",
author = "K. Zhang and B. Jiang and V. Cocquempot",
}

@ARTICLE{ZJC:17,
author={K. Zhang and B. Jiang and V. Cocquempot},
journal=ietcta,
title={Robust fault estimation observer design with finite-time
                  convergence specification},
year={2017},
volume={11},
number={1},
pages={1--9},
ISSN={1751-8644},
month={June},
}

@INPROCEEDINGS{HZLBS:14,
author={C. Han and F. Zhang and L. Liu and S. Bi and D. Sun},
booktitle={Proceedings of 2014 IEEE Chinese Guidance, Navigation and
                  Control Conference},
title={Adaptive robust $\mathcal{H}_\infty$ control for uncertain
                  discrete-time systems with time-varying state and
                  input delays},
year={2014},
address={Yantai, China},
volume={},
number={},
pages={2236--2239},
month={August},
}

@article{LWATC:17,
  author={S. Li and H. Wang and A. Aitouche and Y. Tian and
                  N. Christov},
  title={Robust unknown input observer design for state estimation and
                  fault detection using linear parameter varying
                  model},
  journal={Journal of Physics: Conference Series},
  volume={783},
  number={1},
  pages={012001},
  year={2017},
}

@article{dBPDF:16,
title = "Data-driven fault detection and isolation scheme for a wind
                  turbine benchmark",
journal = "Renewable Energy",
volume = "87",
pages = "634--645",
year = "2016",
month = "March",
issn = "0960-1481",
author = "I. V. de{ }Bessa and R. M. Palhares and M. F. S. V. D'Angelo
                  and J.  E. C. Filho",
}

@InProceedings{SRMP:13,
title = "Fault Detection in Linear Systems Subject to Uncertain
                  Parameters and Time-Delay",
volume = "46",
number = "3",
pages = "570--575",
year = "2013",
address = "Grenoble, France",
month = "February",
booktitle = "11th Workshop on Time-Delay Systems",
author = "F.O. Souza and J.S. Rocha and L.A. Mozelli and R.M. Palhares",
}

@article{PdO:18,
author = {Amit P. Pandey and Maurício C. de{ }Oliveira},
title = {Discrete-time $\mathcal{H}_\infty$ control of linear
                  parameter-varying systems},
journal = ijc,
volume = {92},
number = {12},
pages = {2750--2760},
year  = {2019},
}

@ARTICLE{Sad:19,
author={A. Sadeghzadeh},
journal=ietcta,
title={{LMI} relaxations for robust gain-scheduled control of
                  uncertain linear parameter varying systems},
year={2019},
volume={13},
number={4},
pages={486--495},
}