@article{FK:01,
 author = {M. Fukuda and M. Kojima},
 title = {Branch-and-cut algorithms for the bilinear matrix inequality eigenvalue problem},
 journal = coa,
 volume = {19},
 number = {1},
 year = {2001},
 issn = {0926-6003},
 pages = {79--105},
 doi = {\url{http://dx.doi.org/10.1023/A:1011224403708}},
 publisher = {Kluwer Academic Publishers},
 address = {Norwell, MA, USA},
 }
 
 @ARTICLE{ZWL:02b,
 author = {F. Zheng and Q. G. Wang and T. H. Lee},
 title = {A heuristic approach to solving a class of bilinear matrix inequality problems},
 journal = scl,
 volume = {47},
 number = {2},
 year = {2002},
 month= {October},
 pages = {111--119}
}
 
@ARTICLE{TAA:02,
 author = {H. D. Tuan and P. Apkarian},
 title = {Low nonconvexity-rank bilinear matrix inequalities: algorithms and applications in robust controller and structure designs},
 journal = ieeetac,
 volume = {45},
 number = {11},
 year = {2002},
 month= {November},
 pages = {2111--2117}
}

 @ARTICLE{KSVS:04,
 author = {S. Kanev and C. Scherer and M. Verhaegen and B. D. Schutter},
 title = {Robust output-feedback controller design via local {BMI} optimization},
 journal = aut,
 volume = {40},
 number = {7},
 year = {2004},
 month={July},
 pages = {1115--1127}
}


@ARTICLE{AAADK:02,
 author = {C. T. Abdallah and F. Amato and M. Ariola and P. Dorato and V. Koltchinskii},
 title = {Statistical learning methods in linear algebra and control problems: {T}he example of finite-time control of uncertain linear systems},
 journal = laa,
 volume = {351-352},
 number = {},
 year = {2002},
 month={August},
 pages = {11--26}
}

@INPROCEEDINGS{HHB:99,
	AUTHOR       = "A. Hassibi and J. How and S. Boyd",
	TITLE        = " A path-following method for solving {BMI} problems in control",
	BOOKTITLE    = acc99,
	YEAR         = "1999",
	PAGES        = "1385--1389",
   ADDRESS      = "San Diego, CA, USA",
	MONTH        = "June",
}
