% arquivo listaabreviada
% possui o nome abreviado dos principais jornais 
% e congressos citados nos .bib
%
% qualquer novo nome deve ser aqui acrescentado, seguindo a
% mesma logica (iniciais do nome)
%  
% Pedro, 10.02.2004 (a partir de um conjunto de abreviaturas
%                    levantado pelo Vinicius)
% Pedro, 17.05.2004

\usepackage{url}

@string{aor = {Ann. Oper. Res.}}
@string{aam = {Archive Appl. Mechanics}}
@string{ajc = {Asian J. Control}}
@string{sba = {{SBA:} Control Autom.}}
@string{aut = {Automatica}}
@string{amc = {Appl. Math. Comput.}}
@string{aml = {Appl. Math. Lett.}}
@string{bstj= {Bell Syst. Tech. J.}} 
@string{cssp = {Circ. Syst. Signal Process.}}
@string{cee = {Comput. \& Electr. Eng.}}
@string{compnet= {Comput. Networks}} 
@string{cejor = {Cent. Eur. J. Oper. Res.}}
@string{cmwa = {Comput. Math. Appl.}}
@string{cmpb = {Comput. Meth. Progr. Biomed.}}
@string{cep = {Control Eng. Pract.}}
@string{ctat = {Control Theory Adv. Techn.}}
@string{ddns = {Discrete Dyn. Nat. Soc.}}
@string{dcds = {Discrete Cont. Dyn. Syst. B}}
@string{dcg = {Discrete \& Comput. Geom.}}
@string{eaai = {Eng. Appl. Artif. Intell.}}
@string{epsr = {Electric Power Syst. Research}}
@string{laa = {Lin. Alg. Appl.}}
@string{scl = {Syst. Control Lett.}}
@string{ejc = {European J. Control}}
@string{el = {Electr. Lett.}}
@string{eswa = {Expert Syst. Appl..}}
@string{fss = {Fuzzy Sets \& Syst.}}
@string{arc = {Annu. Rev. Control}}

@string{ieeecs= {IEEE Control Syst.}}
@STRING{ieeecsm = "{IEEE} Control Syst. Mag."}
@STRING{ieeecomlet = {IEEE Commun. Letts.}}
@string{ieeecm= {IEEE Commun. Mag.}} 
@string{ieeetim= {IEEE Trans. Instrum. Meas.}} 
@string{ieeespl = {IEEE Signal Process. Letts.}}
@string{ieeespm = {IEEE Signal Process. Mag.}}
@string{ieeetaes = "{IEEE} Trans. Aerosp. Electron. Syst."}
@STRING{ieeetassp = "{IEEE} Trans. Acoust., Speech, Signal Process."}
@string{ieeetac = {IEEE Trans. Autom. Control}}
@string{ieeetbe = {IEEE Trans. Biomed. Eng.}}
@STRING{ieeetcs = "{IEEE} Trans. Circuits Syst."}
@STRING{ieeetcsI = "{IEEE} Trans. Circuits Syst. {I}"}
@STRING{ieeetcsII = "{IEEE} Trans. Circuits Syst. {II}"}
@STRING{ieeetcsIrp = {IEEE Trans. Circuits \& Syst. {I}: Reg. Papers}}
@STRING{ieeetcsIIeb = {IEEE Trans. Circuits \& Syst. {II}: Exp. Briefs}}

@string{ieeetcst = {IEEE Trans. Control Syst. Technol.}}
@string{ieeetc = {IEEE Trans. Comput.}}
@string{ieeetcyb = {IEEE Trans. Cybern.}}
@string{ieeete = {IEEE Trans. Educat.}}
@STRING{ieeetfs = "{IEEE} Trans. Fuzzy Syst."}
@STRING{ieeetia = "{IEEE} Trans. Ind. Appl.."}
@STRING{ieeetie = {IEEE Trans. Ind. Electron.}}
@STRING{ieeetpe = "{IEEE} Trans. Power Electron."}
@string{ieeetps = "{IEEE} Trans. Power Syst."}
@string{ieeetsp = "{IEEE} Trans. Signal Process."}
@string{ieeetit =  {IEEE Trans. Inform. Theory}}
@STRING{ieeetsmc = "{IEEE} Trans. Syst., Man, Cybern."}
@STRING{ieeetsmcb = "{IEEE} Trans. Syst., Man, Cybern. {B}, Cybern."}
@string{ieeetii =  {IEEE Trans. Ind. Informatics}}
@string{ieeewc= {IEEE Wirel. Commun.}} 

@string{ieepcta = {IEE Proc. --- Control Theory \& Appl.}}
@string{ietcta = {IET Control Theory \& Appl.}}
@string{isat = {ISA Trans.}}

@string{infsci = {Inform. Sci.}}

@string{infocomp = {INFOCOMP J. Comput. Sci.}}

@STRING{ijacsp = {Int. J. Adapt. Control Signal Process.}}
@STRING{ijcas = {Int. J. Control Autom. Syst.}}
@string{ijc = {Int. J. Control}}
@string{ijicic = {Int. J. Innov. Comput., Inform. and Control}}
@STRING{jcaes = {J. Control, Autom. Electrical Syst.}}
@string{ijrnlc = {Int. J. Robust Nonlinear Control}}
@string{ijss = {Int. J. Syst. Sci.}}
@string{ijepes = {Int. J.  Electrical Power Energy Syst.}}
@string{imajmci = {IMA J. Math. Control Inform.}}

@string{jcta = {J. Control Theory Appl.}}

@string{jdsasme = {J. Dyna. Syst., Measure., Control --- Trans. ASME}}
@string{jgcd = {J. Guidance, Control, Dyna.}}
@string{jia =  {J. Inequal. Appl.}}
@string{jmaa = {J. Math. Anal. Appl.}}
@string{jmsec = {J. Math. Syst., Est., and Control}}

@string{jota = {J. Optim. Theory and Appl.}}
@string{jpc = {J. Process Control}}
@string{jfi = {J. Franklin Inst.}}
@STRING{mcss = {Math. Control Signals Syst.}}
@string{jcam = {J. Comput. and Appl. Math.}}
@string{jpaa = {J. Pure Appl. Alg.}}

@string{accn = {Adv. Commun. Control Networks}}
@string{coa = {Computat. Optim. Appl.}}
@string{kyb = {Kybernetica}}
@string{nc = {Neurocomputing}}
@string{natma = {Nonlin. Anal. A: Theory, Meth. \& Appl.}}
@string{nahs = {Nonlin. Anal. Hybrid Syst.}}
@STRING{matproB = {Math. Program. B}}
@STRING{mpe = {Math. Probl. Eng.}}
@STRING{mep = {Medical Eng. \& Ph.}}
@string{ocam = {Optim. Control Appl. Meth.}} 
@STRING{oms = {Optim. Method Softw.}}

@STRING{pieee = {Proc. IEEE}}

@string{siamjam = {SIAM J. Appl. Math.}}
@string{siamjco = {SIAM J. Control Optim.}}
@STRING{siammaa = {SIAM J. Matrix Anal. Appl.}}
@string{siamjo = {SIAM J. Optim.}}
@string{siamjsc = {SIAM J. Sci. Comput.}}
@string{sp = {Signal Process.}}
@string{tcs = {Theor. Comput. Sci.}}
@string{timc = { â€ŽTrans. Inst. Meas. Control}}
@string{vsd = {Vehicle Syst. Dyna.}}

@string{cdc28={Proc.  28th IEEE Conf. Decision Control}}
@string{cdc29={Proc.  29th IEEE Conf. Decision Control}}
@string{cdc30={Proc.  30th IEEE Conf. Decision Control}}
@string{cdc31={Proc.  31st IEEE Conf. Decision Control}}
@string{cdc32={Proc.  32nd IEEE Conf. Decision Control}}
@string{cdc33={Proc.  33rd IEEE Conf. Decision Control}}
@string{cdc34={Proc.  34th IEEE Conf. Decision Control}}
@string{cdc35={Proc.  35th IEEE Conf. Decision Control}}
@string{cdc36={Proc.  36th IEEE Conf. Decision Control}}
@string{cdc37={Proc.  37th IEEE Conf. Decision Control}}
@string{cdc38={Proc.  38th IEEE Conf. Decision Control}}
@string{cdc39={Proc.  39th IEEE Conf. Decision Control}}
@string{cdc40={Proc.  40th IEEE Conf. Decision Control}}
@string{cdc41={Proc.  41st IEEE Conf. Decision Control}}
@string{cdc42={Proc.  42nd IEEE Conf. Decision Control}}
@string{cdc43={Proc.  43rd IEEE Conf. Decision Control}}
@string{cdc44-ecc05={Proc. 44th IEEE Conf. Decision Control --- Eur. Control Conf. ECC 2005}}
@string{cdc45={Proc. 45th IEEE Conf. Decision Control}}
@string{cdc46={Proc. 46th IEEE Conf. Decision Control}}
@string{cdc47={Proc. 47th IEEE Conf. Decision Control}}
@string{cdc48={Proc. 48th IEEE Conf. Decision Control --- 28th Chinese Control Conf.}}
@string{cdc49={Proc. 49th IEEE Conf. Decision Control}}
@string{cdc50-ecc11={Proc. 50th IEEE Conf. Decision Control --- Eur. Control Conf. ECC 2011}}
@string{cdc51={Proc. 51st IEEE Conf. Decision Control}}
@string{cdc52={Proc. 52nd IEEE Conf. Decision Control}}
@string{cdc53={Proc. 53rd IEEE Conf. Decision Control}}
@string{cdc54={Proc. 54th IEEE Conf. Decision Control}}
@string{cdc55={Proc. 55th IEEE Conf. Decision Control}}
@string{cdc56={Proc. 56th IEEE Conf. Decision Control}}
@string{cdc58={Proc. 58th IEEE Conf. Decision Control}}
	
@string{acc90={Proc.  1990 Amer. Control Conf.}}
@string{acc91={Proc.  1991 Amer. Control Conf.}}
@string{acc92={Proc.  1992 Amer. Control Conf.}}
@string{acc93={Proc.  1993 Amer. Control Conf.}}
@string{acc94={Proc.  1994 Amer. Control Conf.}}
@string{acc95={Proc.  1995 Amer. Control Conf.}}
@string{acc96={Proc.  1996 Amer. Control Conf.}}
@string{acc97={Proc.  1997 Amer. Control Conf.}}
@string{acc98={Proc.  1998 Amer. Control Conf.}}
@string{acc99={Proc.  1999 Amer. Control Conf.}}
@string{acc00={Proc.  2000 Amer. Control Conf.}}
@string{acc01={Proc.  2001 Amer. Control Conf.}}
@string{acc02={Proc.  2002 Amer. Control Conf.}}
@string{acc03={Proc.  2003 Amer. Control Conf.}}
@string{acc04={Proc.  2004 Amer. Control Conf.}}
@string{acc05={Proc.  2005 Amer. Control Conf.}}
@string{acc06={Proc.  2006 Amer. Control Conf.}}
@string{acc07={Proc.  2007 Amer. Control Conf.}}
@string{acc08={Proc.  2008 Amer. Control Conf.}}
@string{acc09={Proc.  2009 Amer. Control Conf.}}
@string{acc10={Proc.  2010 Amer. Control Conf.}}
@string{acc11={Proc.  2011 Amer. Control Conf.}}
@string{acc12={Proc.  2012 Amer. Control Conf.}}
@string{acc13={Proc.  2013 Amer. Control Conf.}}
@string{acc14={Proc.  2014 Amer. Control Conf.}}
@string{acc15={Proc.  2015 Amer. Control Conf.}}
@string{acc16={Proc.  2016 Amer. Control Conf.}}

@string{ecc95={Proc. 3rd Eur. Control Conf.}}
@string{ecc97={Proc. 4th Eur. Control Conf.}}
@string{ecc99={Proc. 5th Eur. Control Conf.}}
@string{ecc01={Proc. 2001 Eur. Control Conf.}}
@string{ecc03={Proc. 2003 Eur. Control Conf.}}
@string{ecc09={Proc. 2009 Eur. Control Conf.}}
@string{ecc11={Proc. 2011 Eur. Control Conf.}}
@string{ecc13={Proc. 2013 Eur. Control Conf.}}


@string{ifac93={Proc.  12th IFAC World Congr.}}
@string{ifac96={Proc.  13th IFAC World Congr.}}
@string{ifac99={Proc.  14th IFAC World Congr.}}
@string{ifac02={Proc.  15th IFAC World Congr.}}
@string{ifac05={Proc.  16th IFAC World Congr.}}
@string{ifac08={Proc.  17th IFAC World Congr.}}
@string{ifac11={Proc.  18th IFAC World Congr.}}
@string{ifac14={Proc.  19th IFAC World Congr.}}
@string{ifac17={Proc.  20th IFAC World Congr.}}

@string{mtns04={16th Int. Symp. Math. Theory of Networks and Syst.}}
@string{mtns06={17th Int. Symp. Math. Theory of Networks and Syst.}}

@string{wltds98={Proc. 1st IFAC Int. Workshop
on Linear Time Delay Systems}}
@string{wltds03={Proc. 3rd IFAC Int. Workshop
on Linear Time Delay Systems}}

@string{cba92={IX CBA}}
@string{cba94={X CBA}}
@string{cba96={XI CBA}}
@string{cba98={XII CBA}}
@string{cba00={XIII CBA}}
@string{cba02={XIV CBA}}
@string{cba04={XV CBA}}
@string{cba06={XVI CBA}}
@string{cba08={XVII CBA}}
@string{cba10={XVIII CBA}}
@string{cba12={XIX CBA}}
@string{cba12i={XIX CBA}}
@string{cba14={XX CBA}}
@string{cba16={XXI CBA}}
@string{cba18={XXII CBA}}
@string{cba20={XXIII CBA}}

@string{sbai09={IX SBAI}}
@string{sbai11={X SBAI}}
@string{sbai13={XI SBAI}}
@string{sbai15={XII SBAI}}
@string{sbai17={XIII SBAI}}
@string{sbai19={XIV SBAI}}

@string{rocond00={Proc. 3rd IFAC Symp. Robust Control Design}}
@string{rocond03={Proc. 4th IFAC Symp. Robust Control Design}}
@string{rocond06={Proc. 5th IFAC Symp. Robust Control Design}}
@string{rocond09={Proc. 6th IFAC Symp. Robust Control Design}} 


@string{rocond-lpvs18={Proc. 9th IFAC Symp. Robust Control Design and 2nd IFAC Workshop on LPV Systems}} 

@string{sssc07={Proc. 3rd IFAC  Symp. on System, Structure and Control (SSSC07)}}

@string{cca03={Proc. 2003 IEEE Conf. Control Appl.}}

@string{cacsd04={Proc. 2004 IEEE Int. Symp. on Comput. Aided Control Syst. Des.}} 
@string{cacsd11={Proc. 2011 IEEE Int. Symp. on Comput. Aided Control Syst. Des.}} 
@string{cacsd16={Proc. 2016 IEEE Int. Symp. on Comput. Aided Control Syst. Des.}} 

@string{med2002={Proc. 10th Medit. Conf. Control Aut. (MED2002)}}
@string{med2006={Proc. 14th Medit. Conf. Control Aut. (MED2006)}}
@string{med2007={Proc. 15th Medit. Conf. Control Aut. (MED2007)}}
@string{med2008={Proc. 16th Medit. Conf. Control Aut. (MED2008)}}
@string{med2009={Proc. 17th Medit. Conf. Control Aut. (MED2009)}}
@string{med2015={Proc. 23rd Medit. Conf. Control Aut. (MED2015)}}.


@string{fuzz-ifes95={Proc. 4th IEEE Int. Conf. Fuzzy Syst. --- 2nd Int. Fuzzy Eng. Symp.}}
@string{fuzz06={Proc. 2006 IEEE Int. Conf. Fuzzy Syst.}}
@string{fuzz07={Proc. 2007 IEEE Int. Conf. Fuzzy Syst.}}
@string{fuzz08={Proc. 2008 IEEE Int. Conf. Fuzzy Syst.}}
@string{fuzz09={Proc. 2009 IEEE Int. Conf. Fuzzy Syst.}}
@string{fuzz10={Proc. 2010 IEEE Int. Conf. Fuzzy Syst.}}
@string{fuzz11={Proc. 2011 IEEE Int. Conf. Fuzzy Syst.}}


@string{ascc09={Proc. 7th Asian Control Conf.}}
@string{ccc32={Proc. 32nd Chinese Control Conf.}}

@string{smc09={Proc. 2009 IEEE Int. Conf. Syst., Man, Cybern.}}

@string{nolcos13={Proc. 9th IFAC Symp. on Nonlin. Control Syst. (NOLCOS 2013)}}
@string{case09={Proc. 5th Annual IEEE Conf. on Aut. Science and Eng. (CASE 2009)}}
@string{argencon16={Proc. 2016 IEEE Biennial Congr. Argentina (ARGENCON)}} 
@string{icca11={Proc. 9th IEEE Int. Conf. Control Autom. (ICCA)}} 
@string{autonomics07={Proc. 1st Int. Conf. Autonomic Comp. Commun. Syst.}} 
@string{eadca8={VIII EADCA}} 
@string{apcase15={Proc. 2015 Asia-Pacific Conf. Comp. Aided Syst. Eng.}} 
@string{iih-msp10={Proc. 2010 6th Int. Conf. Intell. Inf. Hiding Mult. Signal Process.}}

@string{gtc04={Proc. 2004 Glob. Tel. Conf.}}

@string{jsan={J. Sensor Act. Networks}}
@string{fcs06={Proc. 2006 IEEE Int. Workshop on Factory Commun. Syst.}}
@string{acmcs={ACM Comput. Surv.}}

