%
% As macros para os nomes de jornais e congressos estao
% no arquivo listacompleta.bib. Novos nomes devem ser
% incluidos la. Pedro, 10.11.2003
%



@ARTICLE(IOP:87,
 author = {A. Ilchmann and D. H. Owens and D. Pratzel-Wolters},
 title = {Sufficient conditions for stability of linear time-varying systems},
 journal = scl,
 year = "1987",
 pages = {157--163}
)


@INPROCEEDINGS(MP:03d,
 author = "V. F. Montagner and P. L. D. Peres",
 title = "A new {LMI} condition for the robust stability 
          of linear time-varying systems",
 booktitle =  cdc42,
 year = "2003",
 OPTvolume = " ",
 pages = "6133--6138",
 address = "Maui, HI, USA",
 month = "December"
)


@INPROCEEDINGS(BD:01,
 author = "G. I. Bara and J. Daafouz",
 title = "Parameter-dependent control with {$\gamma$}-performance for
affine {LPV} systems",
 booktitle =  cdc40,
 year = "2001",
 OPTvolume = " ",
 pages = "2378--2379",
 address = "Orlando, FL, USA",
 month = "December"
)


@ARTICLE(MOLP:05a,
 author = {V. F. Montagner and R. C. L. F. Oliveira
and V. J. S. Leite and P. L. D. Peres},
 title = {{LMI} approach for {${\mathcal{H}}_{\infty}$} 
 linear parameter-varying state feedback control},
 journal = ieepcta,
 year = "2005",
 volume = {152},
 number={2},
 month={March},
 pages = {195--201}
)

@ARTICLE{Lee:06,
	 author =	 "J.-W. Lee",
	 title = 	"On uniform stabilization of discrete-time linear parameter-varying control systems ",
	 journal = 	 ieeetac,
     month = 	 "October",
	 year = 	 "2006",
	 volume = 	 "51",
	 number = 	 "10",
	 pages = 	 "1714--1721",
}


@ARTICLE{AMP:05,
	 author =	 "F. Amato and M. Mattei and A. Pironti ",
	 title = 	"Gain scheduled control for discrete-time systems depending on bounded rate parameters ",
	 journal = 	 ijrnlc,
     month = 	 "July",
	 year = 	 "2005",
	 volume = 	 "15",
	 number = 	 "11",
	 pages = 	 "473--494",
}

@ARTICLE{LD:06,
	 author =	 "J.-W. Lee and G. E. Dullerud",
	 title = 	"Uniform stabilization of discrete-time switched and {M}arkovian
jump linear systems",
	 journal = 	 aut,
     month = 	 "February",
	 year = 	 "2006",
	 volume = 	 "42",
	 number = 	 "2",
	 pages = 	 "205--218",
}

@ARTICLE{AM:01,
	 author =	 "F. Amato and M. Mattei",
	 title = 	"Robust control of a plasma wind tunnel: an {LPV} discrete-time system depending on fast/slowly varying parameters",
	 journal = 	 ejc,
     	OPTmonth = 	 " ",
	 year = 	 "2001",
	 volume = 	 "7",
	 number = 	 "5",
	 pages = 	 "494--510",
}

@INPROCEEDINGS{MBP:07,
 author = {V. F. Montagner and R. A. Borges and P. L. D. Peres},
 title = {{$\mathcal{H}_2$} dynamic output feedback scheduled controllers for linear time-varying polytopic systems: a convex {LMI} approach},
 booktitle = cdc46,
 year = "2007",
 address = {New Orleans, LA},
 month = {December},
 pages = {2785--2790},
}

@Article{dCCS:09a,
  author       = "J. {De Caigny} and J. F. Camino and J. Swevers",
  title        = "Interpolating model identification for {SISO} linear parameter-varying systems",
  journal      = "Mechanical Systems and Signal Processing",
  year         = "2009",
  volume       = "23",
  number       = "8", 
  month        = "November",
  pages        = "2395--2417", 
}

@InProceedings{dCCS:08a,
author = {J. {de Caigny} and J. F. Camino and J. Swevers},
title = {Identification of {MIMO} {LPV} models based on interpolation},
booktitle = {Proceedings of the International Conference on Noise and Vibration Engineering},
year = {2008},
address = {Leuven, Belgium},
month = {October},
}

@InProceedings{WV:08,
author = {J.-W. {van Wingerden} and M. Verhaegen},
title = {Subspace identification of multivariable {LPV} systems: a novel approach},
booktitle = {Proceedings of the 2008 IEEE International Conference on Computer-Aided Control System Design},
year = {2008},
address = {San Antonio, TX, USA},
month = {September},
pages = {840--845},
}

@ARTICLE{DBG:08,
	author={J. Daafouz and J. Bernussou and J. C. Geromel},
	journal=aut, 
	title={On inexact {LPV} control design of continuous-time polytopic systems},
	year={2008},
	month={August},
	volume={53},
	number={7},
	pages={1674--1678},	
}

@InProceedings{AGTP:12,
author = {C. M. Agulhari and G. Garcia and S. Tarbouriech and P. L. D. Peres},
title = {A numerical procedure to compute stabilizing state feedback gains for linear time-varying periodic systems},
booktitle = {Proceedings of the 7th IFAC Symposium on Robust Control Design (ROCOND 2012)},
year = {2012},
address = {Aalborg, Denmark},
month = {June},
pages = {678--683},
}

@Article{AGTP:18,
author = {C. M. Agulhari and G. Garcia and S. Tarbouriech and P. L. D. Peres},
title = {A new methodology to compute stabilizing control laws for continuous-time {LTV} systems},
	journal=ijrnlc, 
	year={2018}, 
	volume={ },
	number={ },
	pages={ },	
	note = {To appear. DOI: \url{http://dx.doi.org/10.1002/rnc.4120}},
}


