@INPROCEEDINGS{VMVF:05,
 author = {M. Velasco and P. Marti and R. Villa and J. M. Fuertes},
 title = {Stability of networked control systems with bounded sampling rates and time delays},
 booktitle = {31st Annual Conference of IEEE Industrial Electronics Society},
 year = "2005",
 OPTvolume = " ",
 pages = "2417--2422",
 address = "Raleigh, NC, USA",
 month = "November"
}

@ARTICLE{CLH:07,
 author = {C. H. Chen and C. L. Lin and T. S. Hwang},
 title = {Stability of networked control systems with time-varying delays},
 journal = ieeecomlet,
 volume = {11},
 number = {3},
 year = "2007",
 month={March},
 pages = {270--272}
}

@inproceedings{WSS:05,
  author    = {Y. Wang and Z. Q. Sun and F. C. Sun},
  title     = {Modeling and control of networked control systems with random delays},
  booktitle = {Proceedings of the 8th International Workshop on Hybrid Systems: Computation and Control},
  year      = {2005},
  address   = "Zurich, Switzerland",
  month     = "March",
  pages     = {655--666},
}

@ARTICLE{GT:06,
 author = {D. Georgiev and D. M. Tilbury},
 title = {Packet-based control: the {$\mathcal{H}_2$}-optimal solution},
 journal = aut,
 volume = {42},
 number = {1},
 year = "2006",
 month= {January},
 pages = {137--144}
}

@ARTICLE{XL:07,
 author = {J. Xiong and J. Lam},
 title = {Stabilization of linear systems over networks with bounded packet loss},
 journal = aut,
 volume = {43},
 number = {1},
 year = "2007",
 month= {January},
 pages = {80--87}
}

@ARTICLE{HBSW:07,
 author = {L. S. Hu and T. Bai and P. Shi and Z. Wu},
 title = {Sampled-data control of networked linear control systems},
 journal = aut,
 volume = {43},
 number = {5},
 year = "2007",
 month= {May},
 pages = {903--911}
}

%%%%%%%%%%%%%% Artigos Referente ao Plano PDEE %%%%%%%%%%%%%%%%%%%%%%%

@ARTICLE{ZBP:01,
 author = {W. Zhang and M. S. Branicky and  S. M. Phillips},
 title = {Stability of networked control systems},
 journal = ieeecsm,
 volume = {21},
 number = {1},
 year = "2001",
 month={February},
 pages = {84--99}
}

@ARTICLE{CdA:06,
 author = {R. S. Chandra and R. {D'Andrea}},
 title = {A scaled small gain theorem with applications to spatially interconnected systems },
 journal = ieeetac,
 volume = {51},
 number = {3},
 year = "2006",
 month={March},
 pages = {465--469}
}

@ARTICLE{MZ:98,
 author = {M. S. Mahmoud and M. Zribi},
 title = {Robust and {$\mathcal{H}_\infty$} stabilisation of interconnected systems with delays},
 journal = ieepcta,
 volume = {145},
 number = {6},
 year = "1998",
 month={November},
 pages = {559--567}
}

@ARTICLE{WYB:02,
 author = {G. C. Walsh and H. Ye and L. G. Bushnell},
 title = {Stability analysis of networked control systems},
 journal = ieeetcst,
 volume = {10},
 number = {3},
 year = "2002",
 month={May},
 pages = {438--446}
}

@ARTICLE{NT:04,
 author = {D. Ne\v{s}i\'{c} and A. R. Teel},
 title = {Input-output stability properties of networked control systems},
 journal = ieeetac,
 volume = {49},
 number = {10},
 year = "2004",
 month={October},
 pages = {1650--1667}
}

@ARTICLE{YT:04,
 author = {X. Yu and K. Tomsovic},
 title = {Application of linear matrix inequalities for load frequency control with communication delays},
 journal = ieeetpe,
 volume = {19},
 number = {3},
 year = "2004",
 month={August},
 pages = {1508--1515}
}

@ARTICLE{dAD:03,
 author = {R. {D'Andrea} and G. E. Dullerud},
 title = {Distributed control design for spatially interconnected systems},
 journal = ieeetac,
 volume = {48},
 number = {9},
 year = "2003",
 month={September},
 pages = {1478--1495}
}

@ARTICLE{YWHG:06,
 author = {F. Yang and Z. Wang and Y. S. Hung and M. Gani},
 title = {{$\mathcal{H}_\infty$} control for networked systems with random communication delays},
 journal = ieeetac,
 volume = {51},
 number = {3},
 year = "2006",
 month={March},
 pages = {511--518}
}

@ARTICLE{Cob:84,
 author = {D. Cobb},
 title = {Controllability, observability, and duality in singular systems},
 journal = ieeetac,
 volume = {29},
 number = {12},
 year = "1984",
 month={December},
 pages = {1076--1082}
}

@INPROCEEDINGS{MI:03,
 author = {M. S. Mahmoud and A. Ismail},
 title = {Role of delays in networked control systems},
 booktitle =  {Proceedings of the 10th IEEE International Conference on Electronics, Circuits and Systems},
 year = "2003",
 OPTvolume = " ",
 pages = "40--43",
 address = "Shadah, United Arab Emirates",
 month = "December"
}

@INPROCEEDINGS{MCHW:03,
 author = {S. Mu and T. Chu and F. Hao and L. Wang},
 title = {Output feedback control of networked control systems},
 booktitle =  {{IEEE International Conference on Systems, Man and Cybernetics}},
 year = "2003",
 OPTvolume = " ",
 pages = "211--216",
 address = "Washington, DC, USA",
 month = "October"
}

@INPROCEEDINGS{KBS:99,
 author = {V. V. Kulkarni and S. K. Bohacek and M. G. Safonov},
 title = {Robustness of interconnected systems with controller saturation and bounded delays},
 booktitle =  acc99,
 year = "1999",
 OPTvolume = " ",
 pages = "3206--3210",
 address = "San Diego, CA, USA",
 month = "June"
}

@INPROCEEDINGS{LY:03,
 author = {Y. Liu and H. Yu},
 title = {Stability of networked control systems based on switched technique},
 booktitle = cdc42,
 year = "2003",
 OPTvolume = " ",
 pages = "1110--1113",
 address = "Maui, HI, USA",
 month = "December"
}

@INPROCEEDINGS{NT:03,
 author = {D. Ne\v{s}i\'{c} and A. R. Teel},
 title = {$\mathcal{L}_p$ stability of networked control systems},
 booktitle = cdc42,
 year = "2003",
 OPTvolume = " ",
 pages = "1188--1193",
 address = "Maui, HI, USA",
 month = "December"
}

@BOOK(MZA:06,
 author = {L. Menini and L. Zaccarian and C. T. Abdallah},
 title = {Current trends in Nonlinear Systems and Control},
 publisher = {Birkh\"{a}user},
 year = {2006},
 address = {Boston, MA}
)

@BOOK(TAC:05,
 author = {S. Tarbouriech and C. T. Abdallah and J. N. Chiasson},
 title = {Advances in Communication Control Networks},
 publisher = {Springer-Verlag},
 year = {2005},
 volume = {308},
 address = {Heidelberg, GE}
)

@BOOK(DAC:00,
 author = {P. Dorato and C. T. Abdallah and V. Cerone},
 title = {Linear Quadratic Control: An Introduction},
 publisher = {Krieger Publishing Company},
 year = {2000},
 address = {Malabar, FL}
)

@Book{Vid:93,
  author =    {M. Vidyasagar},
  title =     {Nonlinear Systems Analysis},
  publisher = {Prentice-Hall},
  year =      {1993},
  address =   {Englewood Cliffs, NJ},
}

@ARTICLE{LMT:01,
 author = {F.-L. Lian and J. R. Moyne and D. M. Tilbury},
 title = {Performance evaluation of control networks: {Ethernet}, {ControlNet} and {DeviceNet}},
 journal = ieeecsm,
 volume = {21},
 number = {1},
 year = "2001",
 month={February},
 pages = {66--83}
}

@ARTICLE{MA:04,
 author = {L. A. Montestruque and P. Antsaklis},
 title = {Stability of model-based networked control systems with time-varying transmission times},
 journal = ieeetac,
 volume = {49},
 number = {9},
 year = "2004",
 month={September},
 pages = {1562--1571}
}

@INPROCEEDINGS{HBH:99,
	AUTHOR       = "A. Hassibi and S. Boyd and J. How",
	TITLE        = "Control of asynchronous dynamical system with rate constraints on events",
	BOOKTITLE    = cdc38,
	YEAR         = "1999",
	PAGES        = "1345--1351",
   ADDRESS      = "Phoenix, AZ, USA",
	MONTH        = "December",
}

@ARTICLE{FX:05,
 author = {M. Fu and L. Xie},
 title = {The sector bound approach to quantized feedback control},
 journal = ieeetac,
 volume = {50},
 number = {11},
 year = "2005",
 month={November},
 pages = {1698--1711}
}

@INPROCEEDINGS{HDI:07,
	AUTHOR       = "L. Hetel and J. Daafouz and C. Iung",
	TITLE        = "{LMI} control design for a class of exponential uncertain systems with application to network controlled switched systems",
	BOOKTITLE    = acc07,
	YEAR         = "2007",
	PAGES        = "1401--1406",
   ADDRESS      = "New York, NY, USA",
	MONTH        = "July",
}

@InProceedings{BOAP:08b,
  author       = "R. A. Borges and R. C. L. F. Oliveira and C. T. Abdallah and P. L. D. Peres",
  title        = "{${\mathcal H}_{\infty}$} robust memory controllers for networked control systems: 
			uncertain sampling rates and time-delays in polytopic domains",
  booktitle    = acc08,
  year         = "2008",
  address      = "Seattle, WA, USA", 
  month = {June},
  pages = {3614--3619}
}

@ARTICLE{WY:01,
 author = {G. C. Walsh and H. Ye},
 title = {Scheduling of networked control systems},
 journal = ieeecsm,
 volume = {21},
 number = {1},
 year = "2001",
 month={February},
 pages = {57--65}
}

@ARTICLE{GC:07,
	AUTHOR       = "H. Gao and T. Chen",
	TITLE        = "{$\mathcal{H}_{\infty}$} estimation for uncertain systems with limited communication capacity",
	JOURNAL      = ieeetac,
	YEAR         = "2007",
	VOLUME       = "52",
	NUMBER       = "11",
	PAGES        = "2070--2084",
	MONTH        = "November"
}

@ARTICLE{BOAP:10b,
    author={R. A. Borges and R. C. L. F. Oliveira and C. T. Abdallah and P. L. D. Peres},
    title={Robust {$\mathcal{H}_{\infty}$} networked control for systems with uncertain sampling rates},
    journal = ietcta,
	year = {2010},
	volume = {4},
        number = {1},
	month = {January},
	pages = {50--60},
}


@ARTICLE{Yan:06,
  author = {T. C. Yang},
  title = {Networked control system: {A} brief survey},
  journal = ieepcta,
  year = {2006},
  volume = {153},
  pages = {403--412},
  number = {4},
  month = {July},
}

@ARTICLE{ZGK:13,
  author = {L. Zhang and H. Gao and O.  Kaynak},
  title = {Network-induced constraints in {N}etworked {C}ontrol {S}ystems --- {A} survey},
  journal = ieeetii,
  year = {2013},
  volume = {9},
  pages = {403--416},
  number = {1},
  month = {February},
}

@INPROCEEDINGS{HYF:96,
  author = {S. Hara and Y. Yamamoto and H. Fujioka},
  title = {Modern and classical analysis/synthesis methods in sampled-data control
	--- {A} brief overview with numerical examples},
  booktitle = cdc35,
  year = {1996},
  pages = {1251--1256},
 address = {Kobe, Japan}, 
 month = {December},
}

@ARTICLE{SWC:98b,
  author = {L. S. Shieh and W. Wang  and G. Chen},
  title = {Discretization of cascaded continuous-time controllers and uncertain	systems},
  journal = cssp,
  year = {1998},
  volume = {17},
  number ={5},
  month = {October},  
  pages = {591--611},
}

@BOOK{CF:95,
  title = {Optimal Sampled-Data Control Systems},
  publisher = {Springer-Verlag},
  year = {1995},
  author = {T. Chen  and B. A. Francis},
  address = {London, UK},
}

@ARTICLE{SDGD:14,
  author = {M. Souza and G. S. Deaecto  and J. C. Geromel and J. Daafouz},
  title = {Self-triggered linear quadratic networked control},
  journal = ocam,
  year = {2014},
  volume = {35},
  number ={5},
  month = {September/October},  
  pages = {524--538},

}

@ARTICLE{YWZY:09,
  author = {J. Yu and L. Wang and G. Zhang and M. Yu},
  title = {Output feedback stabilisation of networked control systems via switched
	system approach},
  journal = ijc,
  year = {2009},
  volume = {82},
  pages = {1665--1677},
  number = {9},
  month = {September},
}

@ARTICLE{WWC:10,
  author = {D. Wu  and J. Wu and S. Chen},
  title = {Robust stabilisation control for discrete-time networked control
	systems},
  journal = ijc,
  year = {2010},
  volume = {83},
  pages = {1885--1894},
  number = {9},
  month = {September},
}

@INPROCEEDINGS{RWL:12,
  author = {S. Reimann  and W. Wu and S. Liu},
  title = {A novel control-schedule codesign method for embedded control systems},
  booktitle = acc12,
  year = {2012},
  pages = {3766--3771},
  address = {Montreal, QC, Canada},
  month = {June},
}

@ARTICLE{CCCS:13,
  author = {X. Cao and P. Cheng and J. Chen and Y. Sun},
  title = {An online optimization approach for control and communication codesign
	in networked cyber-physical systems},
  journal = ieeetii,
  year = {2013},
  volume = {9},
  pages = {439--450},
  number = {1},
  month = {February},
}

@INPROCEEDINGS{AMT:09,
  author = {D. M. Anand and J. R. Moyne and D. M. Tilbury},
  title = {Performance evaluation of wireless networks for factory automation
	applications},
  booktitle = case09,
  year = {2009},
  pages = {340--346},
  address = {Bangalore, India},
  month = {August},
}

@ARTICLE{GSD:11,
  author = {M. Guinaldo  and J. {S\'{a}n}chez  and S. Dormido},
  title = {Co-design strategy of networked control systems for treacherous network
	conditions},
  journal = ietcta,
  year = {2011},
  volume = {5},
  pages = {1906--1915},
  number = {16},
  month = {November},
}

@INPROCEEDINGS{CL:10,
  author = {A. Chamaken and L. Litz},
  title = {Joint design of control and communication in wireless networked control
	systems: {A} case study},
  booktitle = acc10,
  year = {2010},
  pages = {1835--1840},
  address = {Baltimore, MD, USA},
  month = {June},
}


@INPROCEEDINGS{BMTOP:13a,
  author = {M. F. Braga and C. F. Morais and E. S. Tognetti and R. C. L. F. Oliveira
	and P. L. D. Peres},
  title = {Discretiza{\c{c}\~{a}o} e controle por realimenta{\c{c}\~{a}o} de estados de sistemas
	lineares incertos},
  booktitle = sbai13,
  year = {2013},
  pages = {1--6},
  address = {Fortaleza, CE, Brasil},
  month = {Outubro},
}

@ARTICLE{BMTOP:14c,
    author = {M. F. Braga and C. F. Morais and E. S. Tognetti and R. C. L. F. Oliveira and P. L. D. Peres},
    title = {Discretisation and control of polytopic systems with uncertain sampling rates and network-induced delays},
    journal = ijc,
    volume = {87},
    number = {11},
    pages = {2398--2411},
    month = {November},
    year = {2014},
}


@ARTICLE{TRN:09,
  author = {Mo. Tabbara and A. Rantzer and D. Ne\v{s}i\'{c}},
  title = {On controller \& capacity allocation co-design for networked control
	systems},
  journal = scl,
  year = {2009},
  volume = {58},
  pages = {672--676},
  number = {9},
  month = {September},
}

@ARTICLE{SGdS:12,
  author = {A. Seuret and J. M. {Gomes Da Silva Jr.}},
  title = {Taking into account period variations and actuator saturation in
	sampled-data systems},
  journal = scl,
  year = {2012},
  volume = {61},
  pages = {1286--1293},
  number = {12},
  month = {December},
}


@ARTICLE{GA:13,
  author = {E. Garcia and P. J. Antsaklis},
  title = {Output feedback networked control with persistent disturbance attenuation},
  journal = scl,
  year = {2013},
  volume = {62},
  pages = {943--948},
  number = {10},
  month = {October},
}

@ARTICLE{BP:92,
  author = {B. A. Bamieh  and J. B. Pearson{, }Jr.},
  title = {A general framework for linear periodic systems with applications
	to {$\mathcal{H}_{\infty}$} sampled-data control},
  journal = ieeetac,
  year = {1992},
  volume = {37},
  pages = {418--435},
  number = {4},
  month = {April},
}


@INPROCEEDINGS{BMTOP:14a,
    author = {M. F. Braga and C. F. Morais and E. S. Tognetti and R. C. L. F. Oliveira
	and P. L. D. Peres},
    title = {$\mathcal{H}_2$ guaranteed cost computation of discretized uncertain continuous-time systems},
    booktitle = acc14,
    year = "2014",
    address = {Portland, OR, USA},
    month = {June},
    pages = {5073--5078},
}

@BOOK{WL:08,
  title = {Networked Control Systems: Theory and Applications},
  publisher = {Springer-Verlag},
  year = {2008},
  author = {F.-Y. Wang and D. Liu},
  address = {London},
  edition = {2nd},
}

@ARTICLE{HNX:07,
  author = {J. P. Hespanha  and P. Naghshtabrizi and Y. Xu},
  title = {A survey of recent results in networked control systems},
  journal = pieee,
  year = {2007},
  volume = {95},
  pages = {138--162},
  number = {1},
  month = {January},
}


@ARTICLE{KA:91,
  author = {J. P. Keller  and B. D. O. Anderson},
  title = {{$\mathcal{H}_{\infty}$}-optimal controller discretization},
  journal = ijrnlc,
  year = {1991},
  volume = {1},
  pages = {125--137},
  number = {2},
  month = {April/June},
}

@ARTICLE{ACLH:99,
  author = {B. D. O. Anderson   and K. Chongsrid  and D. J. N. Limebeer  and S. Hara},
  title = {Direct reduced order discretization of continuous-time controller},
  journal = ijrnlc,
  year = {1999},
  volume = {9},
  pages = {143--155},
  number = {3},
  month = {March},
}

@ARTICLE{LTS:99,
  author = {J. Lygeros and C. Tomlin and S. Sastry},
  title = {Controllers for reachability specifications for hybrid systems},
  journal = aut,
  year = {1999},
  volume = {35},
  pages = {349--370},
  number = {3},
  month = {March},
}


@INCOLLECTION{AK:03,
  author = {P. J. Antsaklis and X. D. Koutsoukos},
  title = {Hybrid System Control},
  booktitle = {Encyclopedia of Physical Science and Technology},
  publisher = {Academic Press},
  year = {2003},
  editor = {R. A. Meyers},
  pages = {445--458},
  address = {New York, NY},
  edition = {3},
}


@INPROCEEDINGS{GIL:09,
  author = {D. G\"{o}rges and M. Iz\'{a}k  and S. Liu},
  title = {Optimal control and scheduling of networked control systems},
  booktitle = cdc48,
  year = {2009},
  pages = {5839--5844},
  address = {Shanghai, China},
  month = {December},
}

@INPROCEEDINGS{GIL:07,
  author = {D. G\"{o}rges and M. Iz\'{a}k  and S. Liu},
  title = {Optimal control of systems with resource constraints},
  booktitle = cdc46,
  year = {2007},
  pages = {1070--1075},
  address = {New Orleans, LA, USA},
  month = {December},
}

@BOOK{HN:09,
  title = {Robust Control for Uncertain Networked Control Systems with Random
	Delays},
  publisher = {Springer London},
  year = {2009},
  author = {D. Huang and S. K. Nguang},
}

@ARTICLE{GADTH:14,
  author = {T. Gommans and D. Antunes and T. Donkers and P. Tabuada and M. Heemels},
  title = {Self-triggered linear quadratic control},
  journal = aut,
  year = {2014},
  volume = {50},
  pages = {1279--1287},
  number = {4},
  month = {April}, 
}

@INPROCEEDINGS{LWS:04,
  author = {S. Li and Z. Wang and Y. Sun},
  title = {Guaranteed cost control and its application to networked control
	systems},
  booktitle = {IEEE International Symposium on Industrial Electronics},
  year = {2004},
  volume = {1},
  pages = {591--596},
  address = {Ajaccio, France},
  month = {May},
}

@INPROCEEDINGS{SVRK:13,
  author = {S. Srinivasan  and M. Vallabhan  and S. Ramaswamy  and U. Kotta},
  title = {Adaptive {LQR} controller for {N}etworked {C}ontrol {S}ystems subjected
	to random communication delays},
  booktitle = acc13,
  year = {2013},
  pages = {783--787},
  address = {Washington, DC, EUA},
  month = {June},
}

@INPROCEEDINGS{RMG:13,
  author = {A. Ramezanifar  and J. Mohammadpour and K. M. Grigoriadis},
  title = {Sampled-data control of linear parameter varying time-delay systems
	using state feedback},
  booktitle = acc13,
  year = {2013},
  pages = {6847--6852},
  address = {Washington, DC, USA},
  month = {June},
}

@ARTICLE{HTWN:10,
  author = {W. P. M. H. Heemels and A. R. Teel and N. van{ }de{ }Wouw and D. Ne\v{s}i\'{c}},
  title = {Networked control systems with communication constraints: {T}radeoffs
	between transmission intervals, delays and performance},
  journal = ieeetac,
  year = {2010},
  volume = {55},
  pages = {1781--1796},
  number = {8},
  month = {August},
}

@INPROCEEDINGS{HLMR:02,
  author = {M. Heymann and F. Lin and G. Meyer and S. Resmerita},
  title = {Analysis of {Z}eno behaviors in hybrid systems},
  booktitle = cdc41,
  year = {2002},
  volume = {3},
  pages = {2379--2384},
  month = {December},
 address = {Las Vegas, NV, USA},
}

@BOOK{MG:90,
  author = {R. H. Middleton and G. C. Goodwin},
  title = {Digital Control and Estimation: A Unified Approach},
  publisher = {Prentice Hall}, 
  address = {Englewood Cliffs, NJ},  
  year = {1990},
}

@INPROCEEDINGS{BMTOP:14d,
    author = {M. F. Braga and C. F. Morais and E. S. Tognetti and R. C. L. F. Oliveira
	and P. L. D. Peres},
    title = {Discretization and discrete-time output feedback control of linear
parameter varying continuous-time systems},
    booktitle = cdc53,
    year = "2015",
    address = {Los Angeles, CA, USA},
    month = {December},
    pages = {4765--4771},
}

@ARTICLE{CPLJ:02,
  author = {W. Chang and J.-B. Park  and H. J. Lee and Y.-H. Joo},
  title = {{LMI} approach to digital redesign of linear time-invariant systems},
  journal = ieepcta,
  year = {2002},
  volume = {149},
  pages = {297--302},
  number = {4},
  month = {July},
}



@ARTICLE{LKJCP:04,
  author = {H. J. Lee and H. Kim and Y.-H. Joo and W. Chang and J.-B. Park},
  title = {A new intelligent digital redesign for {T--S} fuzzy systems: {G}lobal
	approach},
  journal = ieeetfs,
  year = {2004},
  volume = {12},
  pages = {274--284},
  number = {2},
  month = {April},
}


@ARTICLE{LPJ:06,
  author = {H. J. Lee and J.-B. Park and Y.-H. Joo},
  title = {Further refinement on {LMI}-based digital redesign: {D}elta-operator
	approach},
  journal = ieeetcsIIeb,
  year = {2006},
  volume = {53},
  pages = {473--477},
  number = {6},
  month = {June},
}


@ARTICLE{SZS:92,
  author = {L. S. Shieh  and J. L. Zhang and J. W. Sunkel},
  title = {A new approach to the digital redesign of continuous-time controllers},
  journal = ctat,
  year = {1992},
  volume = {8},
  pages = {37--57},
  number = {1},
  month = {January},
}

@ARTICLE{TSZ:93,
  author = {J. S. H. Tsai and L. S. Shieh and J. L. Zhang},
  title = {An improvement on the digital redesign method based on the block-pulse
	function approximation},
  journal = cssp,
  year = {1993},
  volume = {12},
  pages = {37--49},
  number = {1},
  month = {March},
 }

@INPROCEEDINGS{MMO:13,
  author = {L. A. Maccari{ }Jr. and V. F. Montagner and R. C. L. F. Oliveira},
  title = {Digital redesign {LMI} conditions for state feedback controllers
	with an application for power electronics},
  booktitle = {Proceedings of the 2013 Brazilian Power Electronics Conference (COBEP)},
  year = {2013},
  pages = {350--355},
  address = {Gramado, RS, Brazil},
  month = {October},
}

@ARTICLE{LPJ:05,
  author = {H. J. Lee and J.-B. Park and Y.-H. Joo},
  title = {Digitalizing a fuzzy observer-based output-feedback control: {I}ntelligent
	digital redesign approach},
  journal = ieeetfs,
  year = {2005},
  volume = {13},
  pages = {701--716},
  number = {5},
  month = {October},
}

@ARTICLE{SKPJ:10,
  author = {H. C. Sung and D. W. Kim and J.-B. Park and Y.-H. Joo},
  title = {Robust digital control of fuzzy systems with parametric uncertainties:
	{LMI}-based digital redesign approach},
  journal = fss,
  year = {2010},
  volume = {161},
  pages = {919--933},
  number = {6},
  month = {March},
}

@INPROCEEDINGS{KPJJ:11,
  author = {G. B. Koo and J.-B. Park and Y.-H. Joo and H. S.
Jeon},
  title = {Digital controller design for fuzzy systems with packet loss: {I}ntelligent
	digital redesign approach},
  booktitle = fuzz11,
  year = {2011},
  pages = {1989--1993},
  address = {Taipei, Taiwan},
  month = {June},
}

@ARTICLE{KPJ:13,
  author = {G. B. Koo and J.-B. Park and Y.-H. Joo},
  title = {Intelligent digital redesign for nonlinear systems using a guaranteed
	cost control method},
  journal = ijcas,
  year = {2013},
  volume = {11},
  pages = {1075--1083},
  number = {6},
  month = {November},
 }

@ARTICLE{SPJ:14,
  author = {H. C. Sung and J.-B. Park and Y.-H. Joo},
  title = {Observer-based sampled-data control for nonlinear systems: {R}obust
	intelligent digital redesign approach},
  journal = ijcas,
  year = {2014},
  volume = {12},
  pages = {486--496},
  number = {3},
  month = {June},
 }

@ARTICLE{KPJ:16,
  author = {G. B. Koo and J.-B. Park and Y.-H. Joo},
  title = {Intelligent digital redesign of fuzzy controller for non-linear systems
	with packet losses},
  journal = ietcta,
  year = {2016},
  volume = {10},
  pages = {292--299},
  number = {3},
  month = {February},
}

@ARTICLE{LJK:15,
  author = {D. H. Lee and Y.-H. Joo and S. K. Kim},
  title = {$\mathcal{H}_{\infty}$~digital redesign for {LTI} systems},
  journal = ijcas,
  year = {2015},
  volume = {13},
  pages = {603--610},
  number = {3},
  month = {June},
}

@ARTICLE{BMTOP:16,
    author = {M. F. Braga and C. F. Morais and E. S. Tognetti and R. C. L. F. Oliveira and P. L. D. Peres},
    title = {Linear quadratic networked control of uncertain polytopic systems},
    journal = ijrnlc,
    volume = {26},
    number={11},
    pages = {2299--2313},
    month = {July},
    year = {2016},
}

@ARTICLE{YWC:05,
  author = {M. Yu and L. Wang and T. Chu},
  title = {Sampled-data stabilisation of networked control systems with nonlinearity},
  journal = ieepcta,
  year = {2005},
  volume = {152},
  pages = {609--614},
  number = {6},
  month = {November},
}


@ARTICLE{NHT:08,
  author = {P. Naghshtabrizi and J. P. Hespanha and A. R. Teel},
  title = {Exponential stability of impulsive systems with application to uncertain
	sampled-data systems},
  journal = scl,
  year = {2008},
  volume = {57},
  pages = {378--385},
  number = {5},
  month = {May},
}

@ARTICLE{SPJ:12,
  author = {H. C. Sung and J. B. Park and Y. H. Joo},
  title = {Robust control of observer-based sampled-data systems: {D}igital
	redesign approach},
  journal = ietcta,
  year = {2012},
  volume = {6},
  pages = {1842--1850},
  number = {12},
  month = {August},
}

@ARTICLE{GWS:00,
  author = {S. M. Guo and W. Wang and L. S. Shieh},
  title = {Discretisation of two degree-of-freedom controller and system with
	state, input and output delays},
  journal = ieepcta,
  year = {2000},
  volume = {147},
  pages = {87--96},
  number = {1},
  month = {January},
}

@ARTICLE{RCM:97,
  author = {N. Rafee and T. Chen and O. P. Malik},
  title = {A technique for optimal digital redesign of analog controllers},
  journal = ieeetcst,
  year = {1997},
  volume = {5},
  pages = {89--99},
  number = {1},
  month = {January},
}

@ARTICLE{WSD:17,
  author = {Y. Wang and H. Shen and D. Duan},
  title = {On stabilization of quantized sampled-data neural-network-based control
	systems},
  journal = ieeetcyb,
  year = {2017},
  doi = {10.1109/TCYB.2016.2581220},
  volume = { },
  pages = {1--12},
  number = { },
  note = {To appear. DOI: \url{http://dx.doi.org/10.1109/TCYB.2016.2581220}},
}

@ARTICLE{DXW:17,
  author = {G. Duan and F. Xiao and L. Wang},
  title = {Asynchronous periodic edge-event triggered control for double-integrator
	networks with communication time delays},
  journal = ieeetcyb,
  year = {2017},
  doi = {10.1109/TCYB.2017.2651026},
  volume = { },
  pages = {1--14},
  number = { },
  note = {To appear. DOI: \url{http://dx.doi.org/10.1109/TCYB.2017.2651026}},
}

@ARTICLE{ZSWY:17,
  author = {D. Zhang and P. Shi and Q.-G. Wang and L. Yu},
  title = {Analysis and synthesis of networked control systems: {A} survey of
	recent advances and challenges},
  journal = isat, 
  year = {2017},
  volume = {66},
  pages = {376--392},
  month = {January},
}
@ARTICLE{TGK:16,
  author = {Y. Tang and H. Gao and J. Kurths},
  title = {Robust $\mathcal{H}_{infty }$ self-triggered control of networked
	systems under packet dropouts},
  journal = ieeetcyb,
  year = {2016},
  volume = {46},
  pages = {3294--3305},
  number = {12},
  month = {December},
}

@ARTICLE{WSWW:16,
  author = {D. Wu and X. M. Sun and C. Wen and W. Wang},
  title = {Redesigned predictive event-triggered controller for networked control
	system with delays},
  journal = ieeetcyb,
  year = {2016},
  volume = {46},
  pages = {2195-2206},
  number = {10},
  month = {October},
}

@ARTICLE{ZWGL:14,
  author = {L. Zou and Z. Wang and H. Gao and X. Liu},
  title = {Event-triggered state estimation for complex networks with mixed
	time delays via sampled data information: {T}he continuous-time case},
  journal = ieeetcyb,
  year = {2015},
  volume = {45},
  pages = {2804--2815},
  number = {12},
  month = {December},
}

@BOOK{PN:95,
  title = {Digital Control System Analysis and Design},
  publisher = {Prentice-Hall, Inc.},
  year = {1995},
  author = {C. L. Phillips and H. T. Nagle},
  address = {Upper Saddle River, NJ, USA},
  edition = {3}
}

@ARTICLE{BS:12,
  author = {C. Briat and A. Seuret},
  title = {A looped-functional approach for robust stability analysis of linear
	impulsive systems},
  journal = scl,
  year = {2012},
  volume = {61},
  pages = {980--988},
  number = {10},
  month ={October},
}

@ARTICLE{BS:12a,
  author = {C. Briat and A. Seuret},
  title = {Convex dwell-time characterizations for uncertain linear impulsive
	systems},
  journal = ieeetac,
  year = {2012},
  volume = {57},
  pages = {3241--3246},
  number = {12},
  month = {December},
}

@INPROCEEDINGS{SG:15,
  author = {M. Souza and J. C. Geromel},
  title = {On a convex characterisation of stability and performance for hybrid
	linear systems},
  booktitle = cdc54,
  year = {2015},
  pages = {6623--6628},
  month = {December},
address={Osaka, Japan},
}

@ARTICLE{AGS:16,
  author = {M. F. Amorim and A. P. C. Gon\c{c}alves and M. Souza},
  title = {Optimal $\mathcal{H}_2$ output-feedback control of sampled systems},
  journal = {IFAC-PapersOnLine},
  year = {2016},
  volume = {49},
  pages = {126--131},
  number = {30},
  month = {November},
}

@ARTICLE{Mor:96,
  author = {A. S. Morse},
  title = {Supervisory control of families of linear set-point controllers --- 
	{P}art 1: {E}xact matching},
  journal = ieeetac,
  year = {1996},
  volume = {41},
  pages = {1413--1431},
  number = {10},
  month = {October},
}

@ARTICLE{KK:04,
  author = {J. N. Al-Karaki and A. E. Kamal},
  title = {Routing techniques in wireless sensor networks: {A} survey},
  journal = ieeewc,
  year = {2004},
  volume = {11},
  pages = {6--28},
  number = {6},
  month = {December},
}

@ARTICLE{ABFS:08,
  author = {L. Angrisani and M. Bertocco and D. Fortin and A. Sona},
  title = {Experimental Study of Coexistence Issues Between {IEEE} 802.11b and
	{IEEE} 802.15.4 Wireless Networks},
  journal = ieeetim,
  year = {2008},
  volume = {57},
  pages = {1514--1523},
  number = {8},
  month = {August},
}


@INPROCEEDINGS{CPG:16,
  author = {L. P. Carvalho and J. M. Palma and A. P. C. Gon{\c{c}al}ves},
  title = {Output feedback control applied to car pursuit problem with lossy
	network},
  booktitle = argencon16,
  year = {2016},
  pages = {1--6},
  address = {Buenos Aires, Argentina},
  month = {June},
}


@INPROCEEDINGS{HKLM:07,
  author = {S. Heimlicher and M. Karaliopoulos and H. Levy and
	M. May},
  title = {{E}nd-to-end vs. {H}op-by-hop transport under intermittent connectivity},
  booktitle = autonomics07,
  year = {2007},
  pages = {1--20},
  address = {Rome, Italy},
}


@ARTICLE{LCM:84,
  author = {S. Lin and D. J. Costello and M. J. Miller},
  title = {Automatic-repeat-request error-control schemes},
  journal = ieeecm,
  year = {1984},
  volume = {22},
  pages = {5--17},
  number = {12},
  month = {December},
}

@MASTERSTHESIS{Mar:05,
  author = {G. A. B. Marcondes},
    title = {Modelos discretos para an{\'a}lise de ocorr{\^e}ncias de erros em
    redes sem fio},
  school = {Instituto Nacional de Telecomunica{\c{c}\~oes} (Inatel)},
  year = {2005},
  type = {{M.Sc. Thesis}},
  address = {Santa Rita do Sapu{ca\'i}, MG},
    month = {Junho},
}


@ARTICLE{McC:68,
  author = {R. H. McCullough},
  title = {The binary regenerative channel},
  journal = bstj,
  year = {1968},
  volume = {47},
  pages = {1713--1735},
  number = {8},
  month = {October},
}

@MASTERSTHESIS{Pal:16,
    author = {J. M. Palma},
    title = {\textit{Trade-Off} entre norma H-infinito e transmiss{\~o}es
    globais aplicado a projetos de filtragem atrav{\'e}s da rede},
    school = {FEEC -- Universidade Estadual de Campinas},
    year = {2016},
    type = {{M.Sc. Thesis}},
    address = {Campinas, SP, Brazil},
    month = {Maio},
}

@INPROCEEDINGS{PCG:15,
  author = {J. M. Palma and L. P. Carvalho and A. P. C. Gon{\c{c}al}ves},
  title = {An approach to energy efficiency in a multi-hop network control system
	through a trade-off between $\mathcal{H}_\infty$ norm and global
	number of transmissions},
  booktitle = eadca8,
  year = {2015},
  pages = {1--4},
  address = {Campinas, SP, Brazil},
  month = {September},
  citeseerurl = {http://www.fee.unicamp.br/sites/default/files/departamentos/dca/eadca/eadcaviii/artigos/sessao6/olate_et_al.pdf},
}


@INPROCEEDINGS{PCOGD:15,
    author = {J. M. {Palma} and L. P. Carvalho and A. M. de{ }Oliveira and
    A. P. C. Gon\c{c}alves and C. {Duran-Faundez}},
    title = {Minimizing the number of transmissions in a multi-hop network for
    the dynamical system filtering problem and the impact on the mean
    square error},
    booktitle = sbai15,
    year = {2015},
    pages = {1--6},
    address = {Natal, RN, Brasil},
    month = {Outubro},
}

@ARTICLE{Sch:09,
  author = {L. Schenato},
  title = {To zero or to hold control inputs with lossy links?},
  journal = ieeetac,
  year = {2009},
  volume = {54},
  pages = {1093--1099},
  number = {5},
  month = {May},
}

@ARTICLE{YMG:08,
  author = {J. Yick and B. Mukherjee and D. Ghosal},
  title = {Wireless sensor network survey},
  journal = compnet,
  year = {2008},
  volume = {52},
  pages = {2292--2330},
  number = {12},
  month = {August},
}

@INPROCEEDINGS{ZWLLYG:10,
  author = {J. Zhao and L. Wang and S. Li and X. Liu and Z. Yuan and Z. Gao},
  title = {A survey of congestion control mechanisms in wireless sensor networks},
  booktitle = iih-msp10,
  year = {2010},
  pages = {719--722},
  address = {Darmstadt, Germany},
  month = {October},
}

@INPROCEEDINGS{LDHKMD:06,
  author = {V. Lecuire and C. Duran-Faundez and T. Holl and N. Krommenacker and
	M. Maimour and M. David},
  title = {Energy consumption analysis of a simple image transmission protocol
	in wireless sensor networks},
  booktitle = fcs06,
  year = {2006},
  pages = {215--218},
  address = {Torino, Italy},
  month = {June},
}

@INPROCEEDINGS{YSV:04,
  author = {W. Yu and Z. Sahinoglu and A. Vetro},
  title = {Energy efficient {JPEG 2000} image transmission over wireless sensor
	networks},
  booktitle = gtc04,
  year = {2004},
  pages = {2738--2743},
  address = {Dallas, TX, USA},
  month = {November},
}

@ARTICLE{CG:12,
  author = {D. G. Costa and L. A. Guedes},
  title = {A discrete wavelet transform ({DWT})-based energy-efficient selective
	retransmission mechanism for wireless image sensor networks},
  journal = jsan,
  year = {2012},
  volume = {1},
  pages = {3--35},
  number = {1},
  month = {February},
}

@ARTICLE{LHWL:15,
  author = {J. Luo and J. Hu and D. Wu and R. Li},
  title = {Opportunistic routing algorithm for relay node selection in wireless
	sensor networks},
  journal = ieeetii,
  year = {2015},
  volume = {11},
  pages = {112--121},
  number = {1},
  month = {February},
}


@ARTICLE{BD:15,
  author = {A. Boukerche and A. Darehshoorzadeh},
  title = {Opportunistic routing in wireless networks: {M}odels, algorithms, and
	classifications},
  journal = acmcs,
  year = {2015},
  volume = {47},
  pages = {22:1--22:36},
  number = {2},
  month = {January},
}

@MANUAL{GP:17,
  title = {Opportunistic: {R}outing distribution, broadcasts,
	transmissions and receptions in an opportunistic network},
  author = {C. E. Galarza and J. M. Palma},
  address = {\url{https://cran.r-project.org/web/packages/Opportunistic/index.html}},
  edition = {2},
  month = {June},
  year = {2017},
}

@ARTICLE{GS:15b,
  author = {J. C. Geromel and M. Souza},
  title = {On an {LMI} approach to optimal sampled-data state feedback control
	design},
  journal = ijc,
  year = {2015},
  volume = {88},
  pages = {2369--2379},
  number = {11},
  month = {June},
}


@Article{KPJ:10,
  author      = {D. W. Kim and J. B. Park and Y. H. Joo},
  title       = {Asymptotic stability of digitally redesigned control systems},
  journal     = ijc,
  year        = {2010},
  volume      = {83},
  number      = {12},
  pages       = {2463--2470},
  month       = {December},
}


@Article{ML:14,
  author      = {J. H. Moon and H. J. Lee},
  title       = {Digital redesign of observer-based output-feedback tracking controllers: {E}nhancement},
  journal     = ijc,
  year        = {2014},
  volume      = {87},
  number      = {11},
  pages       = {2420--2429},
}

@Article{KL:10,
  author      = {D. W. Kim and H. J. Lee},
  title       = {Controlling linear systems with nonlinear perturbations under sampled-data output feedback: {D}igital redesign approach},
  journal     = ijc,
  year        = {2010},
  volume      = {83},
  number      = {8},
  pages       = {1718--1726},
  month       = {August},
}

@Article{ZCC:09,
  author      = {G. Zhang and X. Chen and T. Chen},
  title       = {Digital redesign via the generalised bilinear transformation},
  journal     = ijc,
  year        = {2009},
  volume      = {82},
  number      = {4},
  pages       = {741--754},
  month       = {April},
}
@Article{SWZ:97,
  author      = {Leang-San Shieh and Wei-Min Wang and Jing-Bo Zheng},
  title       = {Robust control of sampled-data uncertain systems using digitally redesigned observer-based controllers},
  journal     = ijc,
  year        = {1997},
  volume      = {66},
  number      = {1},
  pages       = {43--64},
}

@Article{SWT:98,
  author      = {L.-S. Shieh and W.-M. Wang and J. S. H. Tsai},
  title       = {Digital redesign of $\mathcal{H}_{\infty}$ controller via bilinear approximation method for state-delayed systems},
  journal     = ijc,
  year        = {1998},
  volume      = {70},
  number      = {5},
  pages       = {665--683},
}

@INPROCEEDINGS{MBTOP:17,
	author = {C. F. Morais and M. F. Braga and E. S. Tognetti and R. C. L. F. Oliveira and P. L. D. Peres},
	title = {An {LMI} approach for robust stabilization of aperiodic uncertain sampled-data systems},
	booktitle = cdc56,
	year = {2017},
	pages = {2953--2958},
	address = {Melbourne, Australia},
	month = {December},
}