%
% As macros para os nomes de jornais e congressos estao
% no arquivo listacompleta.bib. Novos nomes devem ser
% incluidos la. Pedro, 10.11.2003
%


@ARTICLE(Wil:71,
 author = "J. C. Willems",
 title = {Least Squares Stationary Optimal Control and Algebraic {R}iccati equation},
 journal =  ieeetac ,
 year = "1971",
 volume = "AC-16",
 number = "6",
 pages = "621--634",
 month = "December"
)


@ARTICLE(FS:02a,
 author = "E. Fridman and U. Shaked",
 title = {On delay-dependent passivity},
 journal =  ieeetac ,
 year = "2002",
 volume = "47",
 number = "4",
 pages = "664--669",
 month = "April"
)


@ARTICLE(Mas:06,
 author = "I. Masubuchi",
 title = {Dissipativity inequalities for continuous-time descriptor 
  	systems with applications to synthesis of control gains},
 journal =  scl ,
 year = "2006",
 volume = "55",
 number = "2",
 pages = "158--164",
 month = "February"
)


@ARTICLE(VMS:01,
 author = "G. E. Valderrama and P. Mattavelli and A. M. Stankovic",
 title = {Reactive power and unbalance compensation using {STATCOM} with dissipativity-based control},
 journal =  ieeetcst ,
 year = "2001",
 volume = "9",
 number = "5",
 pages = "718--727",
 month = "September"
)


@ARTICLE(BB-TN:03,
 author = "F. D. Barb and A. Ben-Tal and A. Nemirovski",
 title = {Robust dissipativity of interval uncertain linear systems},
 journal =  siamjco ,
 year = "2003",
 volume = "41",
 number = "6",
 pages = "1661--1695",
 month = "September"
)


@article{OSS:92,
	author={H. K. Ozcetin and A. Saberi and P. Sannuti},
	title={{Design for ${\mathcal H}_{\infty}$ almost disturbance decoupling problem with internal stability via state and measurement feedback --- singular perturbation approach}},
	journal=ijc,
	year={1992},
	volume={55},
	number={4},
	pages={901--944},
}

@Inproceedings{SLS:95,
	author={A. Saberi and Z. Lin and A. A. Stoorvogel},
	title={{${\mathcal H}_{2}$ almost disturbance decoupling problem with internal stability}},
	booktitle={Proceedings of the 1995 American Control Conference},
	volume={5},
	address={Seattle, USA},
	pages={3414--3418},
	year={1993}
}

@article{ST:90,
	author={A. A. Stoorvogel and H. L. Trentelman},
	title={{The quadratic matrix inequality in singular ${\mathcal H}_{\infty}$ control with state feedback}},
	journal=siamjco,
	year={1990},
	volume={28},
	number={5},
	pages={1190--1208},
}

@article{Sto:91,
	author={A. A. Stoorvogel},
	title={{The singular ${\mathcal H}_{\infty}$ control with dynamic measurement feedback}},
	journal=siamjco,
	year={1991},
	volume={29},
	number={1},
	pages={160--184},
}

@article{Sto:92a,
	author={A. A. Stoorvogel},
	title={The singular ${\mathcal H}_{2}$ problem},
	journal=aut,
	year={1992},
	volume={28},
	number={3},
	pages={627--631},
}


@Inproceedings{TP:96a,
	author={R. H. C. Takahashi and P. L. D. Peres},
	title={Sliding modes solution for the ${\mathcal H}_{2}$ singular problem},
	booktitle= cdc35,
	volume={1},
	address={Kobe, Japan},
	pages={243--248},
	year={1996}
}

@Article{WW:89,
  author = 	 "S. Weiland and J. C. Willems",
  title = 	 {Almost disturbance decoupling with internal stability},
  journal = 	 ieeetac,
  year = 	 "1989",
  volume = 	 "34",
  pages = 	 "277--286",
  Optnumber = 	 "",
  Optmonth = 	 "",
  OPTnote = 	 "",
  OPTannote = 	 ""
}

@Article{Wil:82,
  author = 	 "J. C. Willems",
  title = 	 {Almost invariant subspaces: an approach to high gain feedback design. {Part II:} almost conditionally invariant subspaces},
  journal = 	 ieeetac,
  year = 	 "1982",
  volume = 	 "27",
  pages = 	 "1071--1085",
  Optnumber = 	 "",
  Optmonth = 	 "",
  OPTnote = 	 "",
  OPTannote = 	 ""
}


@PhdThesis{Tak:98,
  author =       "R. H. C. Takahashi",
  title =        "Controle Singular de Sistemas Incertos",
  school =       "FEEC --- Universidade Estadual de Campinas",
  year =         "1998",
  OPTcrossref =  "",
  OPTkey =       "",
  OPTaddress =   "",
  OPTmonth =     "",
  OPTtype =      "",
  OPTnote =      "",
  OPTannote =    ""
}


@Article{TP:98,
	author={R. H. C. Takahashi and P. L. D. Peres},
	title={{${\mathcal{H}}_{\infty}$} design of switching 
	surfaces for sliding modes
	control with non-matching disturbances},
  journal = 	 ieepcta,
  year = 	 "1998",
  volume = 	 "145",
  pages = 	 "435--441",
  number = 	 "4",
  month = 	 "July",
  OPTnote = 	 "",
  OPTannote = 	 ""
}

@Article{TPP:99,
	author={R. H. C. Takahashi and R. M. Palhares and P. L. D. Peres},
	title={Discrete-time singular observers: 
	{${\mathcal{H}}_{2}$/${\mathcal{H}}_{\infty}$}
	optimality and unknown inputs},
  journal = 	 "International Journal of Control",
  year = 	 "1999",
  volume = 	 "72",
  pages = 	 "481--492",
  number = 	 "6",
  month = 	 "April",
  OPTnote = 	 "",
  OPTannote = 	 ""
}

@Article{TP:99a,
	author={R. H. C. Takahashi and P. L. D. Peres},
	title={Unknown input observers for uncertain systems: 
	a unifying approach},
  journal = 	 ejc,
  year = 	 "1999",
  volume = 	 "5",
  pages = 	 "261--275",
  number = 	 "2--4",
  OPTmonth = 	 "July",
  OPTnote = 	 "",
  OPTannote = 	 ""
}


@ARTICLE(XSF:97,
 author = {L. Xie and S. Shishkin and M. Fu},
 title = {Piecewise {L}yapunov functions for robust stability of linear  
time-varying systems},
 journal =  scl,
 year = "1997",
 volume =  31 ,
 number = {3},
 pages = {165--171},
 month = "August"
)

@ARTICLE(PS:82,
 author = {E. S. Pyatnitskii and V. I. Skorodinskii},
 title = {Numerical methods  of {L}yapunov function construction
and their application to the absolute stability problem},
 journal =  scl ,
 year = "1982",
 volume = {2},
 pages = {130--135}
)

@ARTICLE(BZ:83,
 author = {A. I. Barkin and A. L. Zelentsovsky},
 title = {Method of power transformation for analysis of stability
of nonlinear control systems},
 journal =  scl ,
 year = "1983",
 volume = {3},
 pages = {303--310}
)

@ARTICLE(ABFK:01,
 author = {H. L. S. Almeida and A. Bhaya and D. M. Fal{c\~{a}o} and E. Kaszkurewicz},
 title = {A team algorithm for robust stability analysis and control design
 of uncertain time-varying linear systems using piecewise quadratic {L}yapunov
 functions},
 journal =  ijrnlc ,
 year = "2001",
 volume = {11},
 pages = {357--371}
)

@ARTICLE(RJ:00,
 author = "A. Rantzer and M. Johansson",
 title = {Piecewise linear quadratic optimal control},
 journal =  ieeetac ,
 year = "2000",
 volume = "45",
 number = "4",
 pages = "629--637",
 month = "April"
)

@ARTICLE(JRA:99,
 author = "M. Johansson and A. Rantzer and K. E. Arzen",
 title = {Piecewise quadratic stability of fuzzy systems},
 journal =  ieeetfs,
 year = "1999",
 volume = "7",
 number = "6",
 pages = "713--722",
 month = "December"
)


@ARTICLE(Fen:02b,
 author = "G. Feng",
 title = {Stability analysis of piecewise discrete-time linear systems},
 journal =  ieeetac ,
 year = "2002",
 volume = "47",
 number = "7",
 pages = "1108--1112",
 month = "July"
)

@ARTICLE(BM:99,
 author = "F. Blanchini and S. Miami",
 title = {A new class of universal {L}yapunov functions for the control of
 uncertain linear systems},
 journal =  ieeetac ,
 year = "1999",
 volume = "44",
 number = "3",
 pages = "641--647",
 month = "March"
)

@ARTICLE(Fen:02a,
 author = "G. Feng",
 title = {Controller design and analysis of uncertain piecewise-linear systems},
 journal =  ieeetcsI ,
 year = "2002",
 volume = "49",
 number = "2",
 pages = "224--232",
 month = "February"
)

@ARTICLE(FH:01,
 author = "G. Feng and C. J. Harris",
 title = {Piecewise {L}yapunov stability conditions of fuzzy systems},
 journal =  ieeetsmcb ,
 year = "2001",
 volume = "31",
 number = "2",
 pages = "259--262",
 month = "April"
)

@ARTICLE(Bob:02,
 author = "O. N. Bobyleva",
 title = {Piecewise-linear {L}yapunov functions for linear stationary systems},
 journal =  {Automation and Remote Control},
 year = "2002",
 volume = "63",
 number = "4",
 pages = "540--549",
 month = "April"
)

@ARTICLE(JdMN:02,
 author = "T. A. Johansen and R. van de Molengraft and H. Nijmeijer",
 title = {Guest editorial: {S}witched, piecewise and polytopic linear 
systems},
 journal =  ijc,
 year = "2002",
 volume = "75",
 number = "16/17",
 pages = "1241--1242",
 month = "November"
)

@ARTICLE(JGD:99,
 author = "P. Juli{\'{a}}n  and  J. Guivant and A. Desages",
 title = {A parametrization of piecewise linear {L}yapunov functions via
linear programming},
 journal =  ijc,
 year = "1999",
 volume = "72",
 number = "7/8",
 pages = "702--715",
 month = "May"
)

@BOOK(Joh:03,
 author = {M. Johansson},
 title = {Piecewise Linear Control Systems --- A Computational Approach},
 publisher = {Springer-Verlag},
 year = {2003},
 series = "Lecture Notes in Control and Information Science",
 volume = "284",
 address = {Heidelberg, Germany}
)


@book{Lju:97,
   author = "L. Ljung",
   publisher = "Prentice-Hall",
   title = "System Identification: Theory for the User",
   year = "1997",
   address = "New York"
}

@ARTICLE(LP:04a,
 author = {V. J. S. Leite and P. L. D. Peres},
 title = {Robust control through piecewise {L}yapunov functions for discrete time-varying uncertain systems},
 journal = ijc,
 year = 2004,
volume = {77},
number = {3},
pages = {230--238},
month = {February},
)

%
% As macros para os nomes de jornais e congressos estao
% no arquivo listacompleta.bib. Novos nomes devem ser
% incluidos la. Pedro, 10.11.2003
%




@ARTICLE(CGA:99,
 author = "M. Chilali and P. Gahinet and P. Apkarian",
 title = "Robust pole placement in {LMI} regions",
 journal =  ieeetac ,
 year = "1999",
 volume = "44",
 number = "12",
 pages = "2257--2270",
 month = "December"
)

@ARTICLE(GB:96,
 author = "G. Garcia and J. Bernussou",
 title = "Pole assignment for uncertain systems in a specified disk by output feedback",
 journal =  mcss ,
 year = "1996",
 volume = "9",
 number = "2",
 pages = "152--161"
)

@ARTICLE(GB:95,
 author = "G. Garcia and J. Bernussou",
 title = "Pole assignment for uncertain systems in a specified disk by state-feedback",
 journal =  ieeetac ,
 year = "1995",
 volume = "40",
 number = "1",
 pages = "184--190",
 month="January",
)


@ARTICLE(HB:92,
 author = "W. M. Haddad and D. S. Bernstein",
 title = "Controller design with regional pole constraints",
 journal =  ieeetac ,
 year = "1992",
 volume = "37",
 number = "1",
 pages = "54--69",
 month = "January"
)

@BOOK(AW:95,
 author = "K. J. {\AA}str{\"o}m and  B. Wittenmark",
 title = "Adaptive Control",
 publisher = "Addison-Wesley",
 year = "1995",
 address ="Reading, MA", 
 note = "Second edition"
)

@Book{AW:84,
  author =       {K. J. {\AA}str{\"o}m and  B. Wittenmark},
  title =        {Computer Controlled Systems: Theory and Design},
  publisher =    {Prentice Hall Inc.},
  year =         {1984},
  address =      {Englewood Cliffs, NJ}
}

@INPROCEEDINGS(BSU:93,
 author = "R. Bambang and E. Shimemura and K. Uchida",
 title = "Mixed {$\mathcal{H}_2$}/{$\mathcal{H}_{\infty}$} control with pole placement: state feedback case",
 booktitle = acc93,
 year = "1993",
 volume = "3",
 pages = "2777--2779",
 address= "San Francisco, CA",
 month = "June"
)


@INPROCEEDINGS(PGU:94,
 author = {P. L. D. Peres and G. Guaitoli and C. K. Umezu},
 title = {Mixed {${\mathcal{H}}_{2}$}/{${\mathcal{H}}_{\infty}$} control of uncertain continuous-time systems with regional pole constraints},
 booktitle = {Proceedings of the 1st IFAC Symposium on Robust Control Design},
 year = {1994},
 volume = {1},
 pages = {98--103},
 address = {Rio de Janeiro, Brazil}
)

@INPROCEEDINGS(PUG:94,
 author = "P. L. D. Peres and C. K. Umezu and G. Guaitoli",
 title = "{$\mathcal{H}_2$} control of uncertain discrete-time systems with regional pole constraints",
 booktitle = cdc33,
 pages ="565--570",
 address ="Lake Buena Vista, FL, USA",
 month= "December",
 volume="1",
 year = "1994"
)

@ARTICLE{CG:96,
  author =       "M. Chilali and P. Gahinet",
  title =        "{${\mathcal{H}}_{\infty}$} 
design with pole placement constraints: an {LMI} approach",
  journal =      ieeetac,
  year =         "1996",
  volume =       "41",
  number=        "3",
  month =        "March",
  pages =        "358--367",
}


@ARTICLE(FL:96,
 author = "C. H. Fang and C. L. Lu",
 title = "Robustness of pole-clustering in a ring for structured perturbation systems",
 journal = ieeetcsI,
 year = "1996",
 volume = "43",
 number = "6",
 pages = "496--500",
 month = "June"
)


@ARTICLE(YH:02,
 author = "F. Yang and Y. S. Hung",
 title = "Robust mixed {${\mathcal H}_{2}$}/{${\mathcal H}_{\infty}$} filtering with regional pole assignment for uncertain
discrete-time systems",
 journal = ieeetcsI,
 year = "2002",
 volume = "49",
 number = "8",
 pages = "1236--1241",
 month = "August"
)

@ARTICLE{LP:05,
 author = "V. J. S. Leite and P. L. D. Peres",
 title = "Pole location control design of an
active suspension system with uncertain parameters",
 journal = vsd,
 year = "2005",
 volume = "43",
 number = "8",
 pages = "561--579",
 month = "August"
}
	title={Unknown input observers for uncertain systems: 
	a unifying approach},
  journal = 	 ejc,
  year = 	 "1999",
  volume = 	 "5",
  pages = 	 "261--275",
  number = 	 "2--4",
  OPTmonth = 	 "July",
  OPTnote = 	 "",
  OPTannote = 	 ""
}

@Article{TP:99b,
	author={R. H. C. Takahashi and P. L. D. Peres},
	title={{${\mathcal{H}}_{2}$} guaranteed cost switching surface
	design for sliding modes with non-matching disturbances},
  journal = 	 ieeetac,
  year = 	 "1999",
  volume = 	 "44",
  pages = 	 "2214--2218",
  number = 	 "11",
  month = 	 "November",
  OPTnote = 	 "",
  OPTannote = 	 ""
}


@BOOK(AH:95,
 author = "K. J. {\AA}str{\"o}m and  T. H{\"a}gglund",
 title = "{PID} Controllers: Theory, Design, and Tuning",
 publisher = "Instrument Society of America",
 year = "1995",
 address = "Research Triangle Park, NC"
)


@book{Oga:90,
    author={K. Ogata},
    title={Modern Control Engineering},
    publisher={Prentice-Hall, Inc.},
    year={1990},
    address={Englewood Cliffs, NJ},
}


@article{ZWL:02,
   author = {F. Zheng and Q. Wang and T. H. Lee},
   title = {On the design of multivariable {PID} controllers via {LMI} approach},
   journal =aut,
   volume ={38},
   number ={},
   pages = {517--526},
   note = "",
   month={},
   year = "2002"
}


@article{NSOT:84,
   author = {Y. Nishikawa and N. Sannomiya and T. Ohta and H. Tanaka},
   title = {A method for autotuning of {PID} control parameters},
   journal =aut,
   volume ={20},
   number ={3},
   pages = {321--332},
   note = "",
   month={},
   year = "1984"
}


@article{Gaw:86,
   author = {P. Gawthrop},
   title = {Self-tuning {PID} controllers: {A}lgorithms and implementation},
   journal =ieeetac,
   volume ={31},
   number ={3},
   pages = {201--209},
   note = "",
   month={},
   year = "1986"
}


@article{HHC:95,
   author = {W. Ho and C. Hang and L. Cao},
   title = {Tuning of {PID} controllers based on gain and
phase margin specifications},
   journal =aut,
   volume ={31},
   number ={3},
   pages = {497--502},
   note = "",
   month={},
   year = "1995"
}


@article{GCW:02,
   author = {M. Ge and M. Chiu and Q. Wang},
   title = {Robust {PID} controller design via {LMI} approach},
   journal =jpc,
   volume ={21},
   number ={},
   pages = {3--13},
   note = "",
   month={},
   year = "2002"
}


@article{LI:95,
   author = {G. Lightbody and G. W. Irwin},
   title = {Direct neural model reference adaptive control},
   journal =ieepcta,
   volume ={142},
   number ={1},
   pages = {31--43},
   note = "",
   month={January},
   year = "1995"
}



@ARTICLE{EOL:98,
         author =        "L. {El Ghaoui} and F. Oustry and H. Lebret",
         title =        "Robust solutions to uncertain semidefinite programs",
         journal =       siamjo,
         month =         "November",
         year =          "1998",
         volume =        "9",
         number =        "1",
         pages =         "33--52",
}


@article{Zam:79,
        author={G. Zames},
        title={On the metric complexity of causal linear systems: 
        {$\epsilon$}-entropy and {$\epsilon$}-dimension for continuous time},
        journal=ieeetac,
        year={1979},
        volume={24},
        number={2},
        pages={222--230},
}

@article{Zam:81,
        author={G. Zames},
        title={Feedback and optimal sensitivity: model reference transformations, multiplicative seminorms and approximate inverses},
        journal=ieeetac,
        year={1981},
        volume={26},
        number={2},
        pages={301--320},
        month={April}
}



@article{MS:97,
        author={C. I. Marrison and R. F. Stengel},
        title={Robust control system design using random 
        search and genetic algorithms},
        journal=ieeetac,
        year={1997},
        volume={42},
        number={6},
        pages={835--839},
        month={June},
}

@article{CC:98a,
        author={B. S. Chen and Y. M. Cheng},
        title={A structure-specified {${\mathcal{H}}_{\infty}$} optimal control 
        design for practical applications: {A} genetic approach},
        journal=ieeetcst,
        year={1998},
        volume={6},
        number={6},
        pages={707--718},
        month={November},
}

@article{CD:97,
        author={T. Clarke and R. Davies},
        title={Robust eigenstructure assignment using the 
          genetic algorithm and constrained state feedback},
        journal={Proceedings of the Institution of Mechanical Engineers 
        Part I: Journal of Systems and Control Engineering},
        year={1997},
        volume={211},
        number={1},
        pages={53--61},
}

@article{GPS:92,
	author={J. C. Geromel and P. L. D. Peres and S. R. Souza},
	title={{${\mathcal{H}}_{2}$} guaranteed cost control for uncertain 
	continuous-time linear systems},
	journal=scl,
	year={1992},
	volume={19},
	number={1},
	pages={23--27},
	month={July},
}

@article{GPS:93,
	author={J. C. Geromel and P. L. D. Peres and S. R. Souza},
	title={{${\mathcal{H}}_{2}$} guaranteed cost control for uncertain discrete-time linear systems},
	journal=ijc,
	year={1993},
	volume={57},
	number={4},
	pages={853--864},
	month={April},
}



@article{GBP:94,
	author={J. C. Geromel and J. Bernussou and P. L. D. Peres},
	title={Decentralized control through parameter space optimization},
	journal=aut,
	year={1994},
	volume={30},
	number={10},
	pages={1565--1578},
	month={October},
}

@article{IS:94,
	author={T. Iwasaki and R. E. Skelton},
	title={All controllers for the general 	{${\mathcal{H}}_{\infty}$} control problem: {LMI} existence conditions and state-space formulas},
	journal=aut,
	year={1994},
	volume={30},
	number={8},
	pages={1307--1317},
	month={August},
}



@article{PDB:93,
	author={A. Packard and J. Doyle and G. Balas},
	title={Linear multivariable robust control with a {$\mu$} perspective},
	journal=jdsasme,
	year={1993},
	volume={115},
	number={2B},
	pages={426--438},
	month={Jun},
}


@article{PGS:94a,
	author={P. L. D. Peres  and J. C. Geromel and S. R. Souza},
	title={Optimal {${\mathcal{H}}_{\infty}$} state-feedback control for 
	continuous-time linear systems},
	journal=jota,
	year={1994},
	volume={82},
	number={2},
	pages={343--359},
	month={August},
}

@article{PG:93,
	author={P. L. D. Peres and J. C. Geromel},
	title={{${\mathcal{H}}_{2}$} control for discrete-time systems: optimality and robustness},
	journal=aut,
	year={1993},
	volume={29},
	number={1},
	pages={225--228},
	month={January},
}

@Article{TPF:97,
  author =       "R. H. C. Takahashi and P. L. D. Peres and P. A. V. Ferreira",
  title =        "Multiobjective
		{${\mathcal{H}}_{\infty}$}/{${\mathcal{H}}_{\infty}$} 
	guaranteed cost {PID} design",
  OPTcrossref =  "",
  OPTkey =       "",
  journal =      ieeecsm,
  year =         "1997",
  volume =       "17",
  number =       "5",
  pages =        "37--47",
  month =        "October",
  OPTnote =      "",
  OPTannote =    ""
}

  
% pedro em 19.02.2003

@INPROCEEDINGS(CGTV:03c,
 author = "G. Chesi and A. Garulli and A. Tesi and A. Vicino",
 title = "Robust stability of polytopic systems via polynomially parameter-dependent {L}yapunov functions",
 booktitle =  cdc42 ,
 year = "2003",
 OPTvolume = " ",
 pages = "4670--4675",
 address = "Maui, HI, USA",
 month = "December"
)

@INPROCEEDINGS(Che:03,
 author = "G. Chesi",
 title = "Robust analysis of linear systems affected by time-invariant hypercubic parametric uncertainty",
 booktitle =  cdc42,
 year = "2003",
 OPTvolume = " ",
 pages = "5019--5024",
 address = "Maui, HI, USA",
 month = "December"
)

@INPROCEEDINGS(Parr:03,
 author = "P. A. Parrilo",
 title = "Exploiting structure in sum of squares programs",
 booktitle =  cdc42,
 year = "2003",
 OPTvolume = " ",
 pages = "4664--4669",
 address = "Maui, HI, USA",
 month = "December"
)

@INPROCEEDINGS(Sch:03,
 author = "C. W. Scherer",
 title = "Higher-order relaxations for robust {LMI} problems with verifications for exactness",
 booktitle =  cdc42,
 year = "2003",
 OPTvolume = " ",
 pages = "4652--4657",
 address = "Maui, HI, USA",
 month = "December"
)


@INPROCEEDINGS(ZTI:03,
 author = "X. Zhang and P. Tsiotras and T. Iwasaki",
 title = "Parameter-dependent {L}yapunov functions for exact stability analysis of single-parameter dependent {LTI} systems",
 booktitle =  cdc42,
 year = "2003",
 OPTvolume = " ",
 pages = "5168--5173",
 address = "Maui, HI, USA",
 month = "December"
)

@article{PL:03,
	author={P. A. Parrilo and S. Lall},
	title={Semidefinite programming relaxations and 
algebraic optimization in control},
	journal=ejc,
	year={2003},
	volume={9},
	number={2-3},
	pages={307--321},
	month={ },
}


@manual{Sci:03,
  title = {Scilab User Guide},
  organization = {INRIA},
  note =  {\url{http://scilabsoft.inria.fr/}},
  year = 2003,
}

@ARTICLE{Bli:04a,
  AUTHOR =       "P.-A. Bliman",
  TITLE =        "A convex approach to robust stability for linear systems with uncertain scalar parameters",
  JOURNAL =      siamjco,
  YEAR =         "2004",
  volume =       "42",
  number =       "6",
  pages =        "2016--2042",
}

@BOOK(BV:04,
 author = "S. Boyd and L. Vandenberghe",
 title = "Convex Optimization",
 publisher = "Cambridge University Press",
 address = "Cambridge, UK",
 year = "2004",
)

@INCOLLECTION(HL:03b,
 author = "D. Henrion and J. B. Lasserre",
 title = {Solving global optimization problems over polynomials with {GloptiPoly~2.1}},
 booktitle="Global Optimization and Constraint Satisfaction",
 publisher = "Springer-Verlag",
 year = {2003},
 editor = "C. Bliek and C. Jermann and A. Neumaier",
 series = "Lecture Notes in Computer Science",
 volume = "2861",
 pages = "43--58",
 address = "New York",
)




@ARTICLE{VB:96,
	 author =	 "L. Vandenberghe and S. Boyd",
	 title = 	"Semidefinite programming",
	 journal = 	 "SIAM Review",
	 year = 	 "1996",
	 month = 	 "March",
	 volume = 	 "38",
	 number = 	 "1",
	 pages = 	 "49--95",
}

@ARTICLE{BM:96,
	 author =	 "F. Blanchini and S. Miani",
	 title = 	"On the transient estimate for linear systems with time-varying uncertain parameters",
	 journal = ieeetcsI,
	month = 	 "July",
	 year = 	 "1996",
	 volume = 	 "43",
	 number = 	 "7",
	 pages = 	 "592--596",
}

@article{Mao:03,
   author = {W. J. Mao},
   title = {Robust stabilization of uncertain time-varying discrete systems and 
            comments on ``an improved approach for constrained robust model
            predictive control''},
   journal =aut,
   volume ={39},
   number ={6},
   pages = {1109--1112},
   OPTnote = "",
   month={June},
   year = "2003"
}


@Inproceedings{MP:04b,
        author={V. F. Montagner and P. L. D. Peres},
        title={Estabilidade de sistemas lineares variantes no tempo atrav\'{e}s de
        fun\c{c}\~{o}es de {L}yapunov dependentes de par\^{a}metros},
        booktitle=cba04,
        volume={},
        address={Gramado, RS},
        pages={},
        year={2004},
    month={September}
}

@article{MP:04c,
   author = {V. F. Montagner and P. L. D. Peres},
   title = {Robust stability and {${\mathcal{H}}_{\infty}$} performance of linear
time-varying systems in polytopic domains},
   journal =ijc,
   volume ={77},
   number ={15},
   pages = {1343--1352},
   OPTnote = "",
   month={October},
   year = "2004"
}

@ARTICLE{VMP:92,
  author =       {R. J. Veillette and J. V. Medani{\'{c}} and W. R. Perkins},
  title =        {Design of reliable control systems},
  journal =      ieeetac,
  year =         {1992},
  volume =       {37},
  number =       {3},
  pages =        {280--304},
  month =        {March},
}

@INPROCEEDINGS(TRP:02,
 author = "R. H. C. Takahashi and D. C. W. Ramos and P. L. D. Peres",
 title = "Robust control synthesis via a genetic algorithm and {LMI}s",
 booktitle = ifac02,
 year = "2002",
 volume = "1",
 pages = "1664--1669",
 address = "Barcelona, Spain",
 month = "July",
)

@Inproceedings{AN:04,
        author={H. X. Ara{\'{u}}jo and D. Neumann},
        title={Controle robusto {$\mathcal{H}_{2}$/$\mathcal{H}_{\infty}$}: s�ntese via algoritmos gen�ticos},
        booktitle=cba04,
        OPTvolume={},
        address={Gramado, RS},
        pages={},
        year={2004},
    month={September}
}

@Inproceedings{PA:04,
        author={G. J. Pereira and H. X. Ara{\'{u}}jo},
        title={Robust output feedback controller design via genetic algorithms and {LMI}s: the mixed {$\mathcal{H}_{2}$/$\mathcal{H}_{\infty}$} problem},
        booktitle=acc04,
        OPTvolume={},
        address={Boston, MA, USA},
        pages={3309--3314},
        year={2004},
    month={June/July}
}


@ARTICLE{GPT:05a,
  author =       {E. N. Gon{\c{c}al}ves and R. M. Palhares and R. H. C. Takahashi},
  title =        {Improved optimisation approach to the robust 
                  {${\mathcal{H}}_{2}$/${\mathcal{H}}_{\infty}$} control problem for linear systems},
  journal =      ieepcta,
  year =         {2005},
  volume =       {152},
  number =       {2},
  pages =        {171--176},
  month =        {March},
}


@ARTICLE{BV:03,
         author =        "V. Balakrishnan and L. Vandenberghe",
         title =        "Semidefinite programming duality and linear time-invariant systems",
         journal =       ieeetac,
         month =         "January",
         year =          "2003",
         volume =        "48",
         number =        "1",
         pages =         "30--41",
}

@BOOK(GL:95,
 author = "M. Green and D. J. N. Limebeer",
 title = "Linear Robust Control",
 publisher = "Prentice-Hall",
 year = "1995",
 address = "Englewood Cliffs, NJ"
)

@TECHREPORT{LL:03,
  author =       {F. Leibfritz and W. Lipinski},
  title =        {Description of the benchmark examples in {C}ompleib 1.0},
  institution =  {University of Trier},
  year =         {2003},
  type =         {},
  number =       {},
  address =      {},
  month =        {},
  note  =        {\url{http://www.complib.de/}},
  annote =       {\url{http://www.complib.de/}},
}

@ARTICLE{ATB:01,
  AUTHOR =       {P. Apkarian and H. D. Tuan and  J. Bernussou},
  TITLE =        {Continuous-time analysis, eigenstructure assignment, and {$\mathcal{H}_{2}$} synthesis with enhanced 
  linear matrix inequalities ({LMI}) characterizations},
  JOURNAL =      ieeetac,
  YEAR =         {2001},
  volume =       {46},
  number =       {12},
  pages =        {1941--1946},
  month =        {December},
}

@ARTICLE{CL:04,
  AUTHOR =       {Y.-Y. Cao and Z. Lin},
  TITLE =        {A descriptor system approach to robust stability analysis and controller synthesis},
  JOURNAL =      ieeetac,
  YEAR =         {2004},
  volume =       {49},
  number =       {11},
  pages =        {2081--2084},
  month =        {November},
}

@ARTICLE(WB:92,
 author = {B. Wie and D. S. Bernstein},
 title = {Benchmark problems for robust control design},
 journal = jgcd,
 year = {1992},
 volume = {15},
 number = {5},
 pages = {1057--1059},
 month = {September-October},
)

@INPROCEEDINGS{Sat:05,
    author = {M. Sato},
    title = {Robust performance analysis of linear time-invariant parameter-dependent systems using higher-order {L}yapunov functions},
    booktitle = acc05,
    year = "2005",
    address = {Portland, OR, USA},
    month = {June},
    pages = {615--620},
}

@INPROCEEDINGS{SP:06,
    author = {M. Sato and D. Peaucelle},
    title = {Robust stability/performance analysis for linear time-invariant polytopically parameter-dependent systems using polynomially
    parameter-dependent {L}yapunov functions},
     booktitle = cdc45,
     year = "2006",
     address = {San Diego, CA},
     month = {December},
     pages = {5814--5819},
}


@MANUAL{HMS:02,
  TITLE =        {{NCALGEGRA}: A Mathematica package for doing non commuting algebra},
  author =       {J. W. Helton and R. L. Miller and M. Stankus},
  note =         {Version 3.7 -- \url{http://www.math.ucsd.edu/~ncalg}},
  year=         {2002},
}

@INPROCEEDINGS{LA:06,
    author = {J. Lavaei and A. G. Aghdam},
    title = {A necessary and sufficient condition for robust stability of {LTI} discrete-time systems using {S}um-{O}f-{S}quares matrix polynomials},
     booktitle = cdc45,
     year = "2006",
     address = {San Diego, CA},
     month = {December},
     pages = {2924--2930},
}

@ARTICLE{KLHLFL:05,
	 author =	 "S.-W. Kau and Y.-S. Liu and L. Hong and C.-H. Lee and C.-H. Fang and L. Lee",
	 title = 	"A new {LMI} condition for robust stability of discrete-time uncertain systems",
	 journal = 	 scl,
     month = 	 "December",
	 year = 	 "2005",
	 volume = 	 "54",
	 number = 	 "12",
	 pages = 	 "1195--1203",
}

@ARTICLE{LWL:06,
	 author =	 "C. Lin and Q.-G. Wang and T. H. Lee",
	 title = 	"Less conservative $\mathcal{D}$-stability test for polytopic systems using linearly parameter-dependent {L}yapunov functions ",
	 journal = 	 ieepcta,
     month = 	 "November",
	 year = 	 "2006",
	 volume = 	 "153",
	 number = 	 "6",
	 pages = 	 "665--670",
}


@ARTICLE{GPTM:07a,
  author =       {E. N. Gon{\c{c}al}ves and R. M. Palhares and R. H. C. Takahashi and R. C. Mesquita},
  title =        {{${\mathcal{H}}_{2}$ and ${\mathcal{H}}_{\infty}$} {$\epsilon$}-guaranteed cost
                  computation of uncertain linear systems},
  journal =      ietcta,
  year =         {2007},
  volume =       {1},
  number =       {1},
  pages =        {201--209},
  month =        {January},
}

@ARTICLE{KS:07,
  AUTHOR =       {H. K\"{o}ro\u{g}lu  and C. W. Scherer},
  TITLE =        {Robust performance analysis for structured linear time-varying perturbations with bounded rates-of-variation},
  JOURNAL =      ieeetac,
  YEAR =         {2007},
  volume =       {52},
  number =       {2},
  pages =        {197--211},
  month =        {February},
}

@article{PAHG:07,
   author = {D. Peaucelle and D. Arzelier and D. Henrion and F. Gouaisbaut},
   title = {Quadratic separation for feedback connection of an uncertain matrix and an implicit linear transformation},
   journal =aut,
   volume ={43},
   number ={5},
   pages = {795--804},
   OPTnote = "",
   month={May},
   year = "2007"
}


@InProceedings{OP:08a,
  author       = "R. C. L. F. Oliveira and P. L. D. Peres",
  title        = "Robust stability analysis and control design for time-varying discrete-time polytopic systems with bounded parameter variation",
  booktitle    = acc08,
  year         = "2008",
  address      = "Seattle, WA, USA", 
  month = {June},
  pages = {3094--3099}
}

@article{YD:08,
   author = {G.-H. Yang and J. Dong},
   title = {Robust stability of polytopic systems via affine parameter-dependent {L}yapunov functions},
   journal =siamjco,
   volume ={47},
   number ={5},
   pages = {2642--2662},
   OPTnote = "",
   month={October},
   year = "2008"
}

@ARTICLE{GBdO:99,
  AUTHOR =       {J. C. Geromel and J. Bernussou and M. C. de{  }Oliveira},
  TITLE =        {{$\mathcal{H}_2$}-norm optimization with constrained dynamic output feedback controllers: {D}ecentralized and reliable control},
  JOURNAL =      ieeetac,
  YEAR =         {1999},
  volume =       {44},
  number =       {7},
  pages =        {1449--1454},
  month =        {July},
}


@InProceedings{ASGK:09,
  author       = "N. Aouani and S. Salhi and G. Garcia and M. Ksouri",
  title        = "Robust control analysis and synthesis for {LPV} systems under affine uncertainty structure",
  booktitle    = "6th International Multi-Conference on Systems, Signals and Devices (SSD 2009)",
  year         = "2009",
  address      = "Djerba , Tunisia", 
  month = {March},
  note = {art. no. 4956720}
}

@TechReport{GS:08,
 author = {G. Garcia and S. Salhi},
 title = {$\mathcal{H}_2$ and {$\mathcal{H}_\infty$} robust control for continuous-time linear systems},
 institution = {LAAS-CNRS},
 year = {2008},
 OPTkey = {},
 OPTtype = {},
 number = {08146},
 OPTaddress = {},
 month = {March},
 OPTnote = {},
 OPTannote = {},
 OPTurl = {},
 OPTdoi = {},
 OPTissn = {},
 OPTlocalfile = {},
 OPTabstract = {},
}

@ARTICLE{Nol:82,
  AUTHOR =       {E. Noldus},
  TITLE =        {Design of robust state feedback laws},
  JOURNAL =      ijc,
  YEAR =         {1982},
  volume =       {35},
  number =       {6},
  pages =        {935--944},
  month =        {June},
}

@ARTICLE{XdS:90,
  AUTHOR =       {L. Xie and C. E. de{ }Souza},
  TITLE =        {Robust {$\mathcal{H}_\infty$} control for linear time-invariant systems with norm-bounded uncertainty in the input matrix},
  JOURNAL =      scl,
  YEAR =         {1990},
  volume =       {14},
  number =       {5},
  pages =        {389--396},
  month =        {June},
}

@ARTICLE{SZY:92,
  AUTHOR =       {G. Shi and Y. Zou and C. Yang},
  TITLE =        {An algebraic approach to robust {$\mathcal{H}_\infty$} control via state feedback},
  JOURNAL =      scl,
  YEAR =         {1992},
  volume =       {18},
  number =       {5},
  pages =        {365--370},
  month =        {May},
}

@ARTICLE{Jia:03,
  AUTHOR =       {Y. Jia},
  TITLE =        {Alternative proofs for improved {LMI} representations for the analysis and the design 
		  of continuous-time systems with polytopic type uncertainty: {A} predictive approach}, 
  JOURNAL =      ieeetac,
  YEAR =         {2003},
  volume =       {48},
  number =       {8},
  pages =        {1413--1416},
  month =        {August},
}



@article{JK:97a,
        author={S. Jain and F. Khorrami},
        year={1997},
        title={Decentralized adaptive control of a class of large-scale interconnected nonlinear systems},
        journal= ieeetac,
        volume={42},
        number={2},
        pages={136--154},
        month={February}, 
}

@article{JK:97b,
        author={S. Jain and F. Khorrami},
        year={1997},
        title={Decentralized adaptive output feedback design for large-scale nonlinear systems},
        journal= ieeetac,
        volume={42},
        number={5},
        pages={729--735},
        month={May},
}

@article{KKJ:02,
        author={P. Krishnamurthy  and F. Khorrami  and Z. P. Jiang},
        year={2002},
        title={Global output feedback tracking for nonlinear systems in generalized output-feedback canonical form},
        journal= ieeetac,
        volume={47},
        number={5},
        pages={814--819},
        month={May},
}

@article{KK:04b,
        author={P. Krishnamurthy  and F. Khorrami},
        year={2004},
        title={Dynamic high-gain scaling: {S}tate and output feedback with application to systems with {ISS} appended dynamics driven by all states},
        journal= ieeetac,
        volume={49},
        number={12},
        pages={2219--2239},
        month={December},
}

@article{KJT:95,
        author={F. Khorrami  and S. Jain  and A. Tzes},
        year={1995},
        title={Experimental results on adaptive nonlinear control and input preshaping for multi-link flexible manipulators},
        journal= aut,
        volume={31},
        number={1},
        pages={83--97},   
        month={January},
}

@article{JKF:94,
        author={S. Jain  and F. Khorrami  and B. Fardanesh},
        year={1994},
        title={Adaptive nonlinear excitation control of power systems with unknown interconnections},
        journal= ieeetcst, 
        volume={2},
        number={4},
        pages={436--446},
        month={December},
}

@article{KKC:03, 
        author={P. Krishnamurthy  and F. Khorrami and R. S. Chandra},
        year={2003},
        title={Global high-gain-based observer and backstepping controller for generalized output-feedback canonical form},
        journal= ieeetac,
        volume={48},
        number={12},
        pages={2277--2284},
        month={December},
}

@article{JK:97c,
        author={S. Jain and F. Khorrami},
        year={1997},
        title={Robust decentralized control of power systems utilizing only swing angle measurements},
        journal=ijc,
        volume={66},
        number={4},
        pages={581--601},
        month={March},
}

@article{JKF:96,
        author={S. Jain  and F. Khorrami  and B. Fardanesh},
        year={1996},
        title={Decentralized control of large-scale power systems with unknown interconnections},
        journal=ijc,
        volume={63},
        number={3},
        pages={591--608},
        month={March},
}


@article{KK:04a,
        author={P. Krishnamurthy  and F. Khorrami},
        year={2004},
        title={A high-gain scaling technique for adaptive output feedback control of feedforward systems},
        journal= ieeetac,
        volume={49},
        number={12},
        pages={2286--2292},
        month={December},
}

@article{KK:03c,
        author={P. Krishnamurthy  and F. Khorrami},
        year={2003},
        title={Robust adaptive control for non-linear systems in generalized output-feedback canonical form},
        journal=ijacsp,
        volume={17},
        number={4},
        pages={285--311},
        month={May}
}

@article{KK:03a,
        author={P. Krishnamurthy  and F. Khorrami},
        year={2003},
        title={Robust adaptive voltage-fed permanent magnet step motor control without current measurements},
        journal= ieeetcst, 
        volume={11},
        number={3},
        pages={415--425},
        month={May},
}

@article{KK:03b,
        author={P. Krishnamurthy  and F. Khorrami},
        year={2003},
        title={Decentralized control and disturbance attenuation for large-scale nonlinear systems in generalized output-feedback canonical form},
        journal= aut,
        volume={39},
        number={11},
        pages={1923--1933},
        month={November},
}

@article{MKJM:99,
        author={H. Melkote and F. Khorrami and S. Jain and M. S. Mattice},
        title={Robust adaptive control of variable reluctance stepper motors},
        journal=ieeetcst, 
        year={1999},
        volume={7},
        number={2},
        pages={212--221},
        month={March},
}

@article{KK:06, 
        author={P. Krishnamurthy  and F. Khorrami},
        year={2006},
        title={On uniform solvability of parameter-dependent {L}yapunov inequalities and applications to various problems},
        journal= siamjco,
        volume={45},
        number={4},
        pages={1147--1164},
}

@article{KK:07, 
        author={P. Krishnamurthy  and F. Khorrami},
        year={2007},
        title={Generalized state scaling and applications to feedback, feedforward, and nontriangular nonlinear systems},
        journal= ieeetac,
        volume={52},
        number={1},
        pages={102--108},
        month={January},
}

@article{KK:08, 
        author={P. Krishnamurthy  and F. Khorrami},
        year={2008},
        title={Feedforward systems with {ISS} appended dynamics: {A}daptive output-feedback stabilization
                  and disturbance attenuation},
        journal= ieeetac,
        volume={53},
        number={1},
        pages={405--412},
        month={February},
}

@article{KK:11, 
        author={P. Krishnamurthy  and F. Khorrami},
        year={2011},
        title={Adaptive output-feedback control of a general class of uncertain feedforward systems via a
	          dynamic scaling approach},
        journal= ietcta,
        volume={5},
        number={5},
        pages={681--692},
        month={March},
}


@article{PD:93, 
        author={A. Packard and J. Doyle},
        year={1993},
        title={The complex structured singular value},
        journal= aut,
        volume={29},
        number={1},
        pages={71--109},
        month={January},
}

@article{PP:93, 
        author={A. Packard  and P. Pandey},
        year={1993},
        title={Continuity properties of the real/complex structured singular value},
        journal=ieeetac,
        volume={38},
        number={3},
        pages={415--428},
        month={March},
}

@article{EPA:11,
	author = {Y. Ebihara and D. Peaucelle and D. Arzelier},
	title = {Periodically time-varying memory state-feedback controller synthesis for discrete-time linear systems},
	journal = aut,
	volume = {47},
	issue = {1},
	month = {January},
	year = {2011},
	pages = {14--25},	
} 


@INPROCEEDINGS(OdOP:11,
 author = "R. C. L. F. Oliveira and M. C. de{  }Oliveira and P. L. D. Peres",
 title = "Robust state feedback {LMI} methods for continuous-time linear systems: {D}iscussions, extensions and numerical comparisons",
 booktitle = cacsd11, 
 year = "2011",
 OPTvolume = " ",
 pages = "1038--1043",
 address = "Denver, CO, USA",
 month = "September",
)

@INPROCEEDINGS(deO:11,
 author = "M. C. de{  }Oliveira",
 title = "Symbolic computer algebra algorithms for factorizations of {S}ylvester mappings with applications to the production of linear matrix inequalities in systems and controls",
 booktitle = cacsd11, 
 year = "2011",
 OPTvolume = " ",
 pages = "432--437 ",
 address = "Denver, CO, USA",
 month = "September",
 doi = {10.1109/CACSD.2011.6044552},
)


@ARTICLE{Sto:93,
	author = {A. A. Stoorvogel},
	title = {The robust {$\mathcal{H}_2$} control problem: a worst-case design},
	journal = ieeetac,
	volume = {38},
	number = {9},
	month = {September},
	year = {1993},
	pages = {1358--1370},
}



@article{Tak:98b,
	author = {K. Takaba},
	title = {Robust {$\mathcal{H}_2$} control of descriptor system with time-varying uncertainty},
	journal = ijc,
	volume = {71},
	number = {4},
	pages = {559--579},
	year = {1998},
}

@ARTICLE{Rot:93,
	author = {M. A. Rotea},
	title = {The generalized {$\mathcal{H}_2$} control problem},
	journal = aut,
	volume = {29},
	number = {2},
	month = {March},
	year = {1993},
	pages = {373--385},
}


@ARTICLE{TCB:05,
  author = {A. Trofino and D. F. Coutinho and K. A. Barbosa},
  title = {Improved {$\mathcal{H}_{2}$} and {$\mathcal{H}_{\infty}$} conditions
	for robust analysis and control synthesis of linear systems},
  journal = sba,
  year = {2005},
  volume = {16},
  pages = {427--434},
  number = {4},
  month = {Outubro/Novembro/Dezembro},
}

@BOOK{Oga:95,
  title = {Discrete-Time Control Systems},
  publisher = {Prentice-Hall International, Inc.},
  year = {1995},
  author = {K. Ogata},
  address = {Upper Saddle River, NJ, USA},
}

@ARTICLE{dOOP:10,
    author={M. C. de{  }Oliveira and R. C. L. F. Oliveira and  P. L. D. Peres},
    title={A new method for robust {S}chur stability analysis},
    journal =      ijc,
    year =         "2010",
    volume = {83},
    number = {10},
    month = {October},
    pages = {2181--2192},
}


@INCOLLECTION(KK:10a,
 author = "P. Krishnamurthy and F. Khorrami",
 title = {Decentralized output-feedback control of large-scale 
	     interconnected systems via dynamic high-gain scaling},
 booktitle="Efficient Modeling and Control of Large-Scale Systems",
 publisher = "Springer-Verlag",
 year = {2010},
 editor = "J. Mohammadpour and K. M. Grigoriadis",
 OPTseries = " ",
 OPTvolume = " ",
 pages = "135--165",
 address = "Berlin",
)

@ARTICLE{KK:10b,
    author={P. Krishnamurthy and F. Khorrami},
    title={Output-feedback control of nonlinear delayed systems: {A} dynamic high-gain scaling approach},
    journal =     {Dynamics of Continuous, Discrete and Impulsive Systems},
    year =         "2010",
    volume = {17},
    number = {6},
    pages = {909--934},
}


@ARTICLE{KK:07b,
    author={P. Krishnamurthy and F. Khorrami},
    title={High-gain output-feedback control for nonlinear systems based on multiple time scaling},
    journal =  scl,
    year =         "2007",
    volume = {56},
    number = {1},
    month = {May},
    pages = {7--15},
}


@ARTICLE{KK:09,
    author={P. Krishnamurthy and F. Khorrami},
    title={Application of a dynamic high-gain scaling methodology to servocompensator design},
    journal =  ijrnlc,
    year =         "2009",
    volume = {19},
    number = {8},
    month = {May},
    pages = {937--964},
}


@Inproceedings{KK:11b,
        author={P. Krishnamurthy and F. Khorrami},
        title={A generalized scaling based control design for nonlinear 
                  nontriangular systems with input and state time delays},
        booktitle=acc11,
        OPTvolume={},
        address={San Francisco, CA, USA},
        pages={4361--4366},
        year={2011},
    month={June}
}

@Inproceedings{KK:09b,
        author={F. Khorrami and P. Krishnamurthy},
        title={A hierarchical path planning and obstacle avoidance system for an autonomous underwater vehicle},
        booktitle=acc09,
        OPTvolume={},
        address= {St. Louis, MO, USA},
        pages={3579--3584},
        year={2009},
    month={June}
}

@ARTICLE{KWKK:09,
    author={P. Krishnamurthy and W. Lu and F. Khorrami and A. Keyhani},
    title={Robust force control of an {SRM}-based electromechanical brake and experimental results},
    journal =  ieeetcst,
    year =         "2009",
    volume = {17},
    number = {6},
    month = {December},
    pages = {1306--1317},
}


@article{KK:08b,
        author={P. Krishnamurthy  and F. Khorrami},
        year={2008},
        title={Dual high-gain based adaptive output-feedback control for a class of nonlinear systems},
        journal=ijacsp,
        volume={22},
        number={1},
        pages={23--42},
        month={February}
}

 

@ARTICLE{KK:08c,
    author={P. Krishnamurthy and F. Khorrami},
    title={An analysis of the effects of closed-loop commutation delay on stepper motor control and application to parameter estimation},
    journal =  ieeetcst,
    year =         "2008",
    volume = {16},
    number = {1},
    month = {January},
    pages = {70--77},
}


@Inproceedings{KK:11c,
        author={P. Krishnamurthy and F. Khorrami},
        title={A hierarchical control and obstacle avoidance system for unmanned sea surface vehicles},
        booktitle=cdc50-ecc11,
        OPTvolume={},
	 address = {Orlando, FL, USA},
	 month = {December},
        pages={2070--2075},
        year={2011},
}


@INPROCEEDINGS{PSBP:13,
  AUTHOR =       {M. Parada and D. {Sb\'{a}}rbaro and  R. A. Borges and P. L. D. Peres},
  TITLE =        {Observer-based stabilization of uncertain linear systems with recycle: an {LMI} approach},
  BOOKTITLE =    ecc13,
  YEAR =         {2013},
  address =      {Zurich, Switzerland},
  month =        {July},
  pages =        {2627--2632},
  OPTnote  =        {}
}

@INPROCEEDINGS{MBOP:13a,
    author={C. F. Morais and M. F. Braga and R. C. L. F. Oliveira and P. L. D. Peres},
    title={Robust state feedback control for discrete-time linear systems via {LMI}s with a scalar parameter},
    BOOKTITLE =  acc13,
  YEAR =         {2013},
  address =      {Washington, DC, USA},
  month =        {June},
  pages =            {3876--3881},
}

@InProceedings{BMOP:12,
 author = {M. F. Braga and C. F. Morais and R. C. L. F. Oliveira and P. L. D. Peres},
 title = {Realimenta\c{c}\~{a}o de estados robusta {$\mathcal{H}_{2}$} e {$\mathcal{H}_{\infty}$} para sistemas lineares discretos no tempo por meio de {LMIs} com par\^{a}metros escalares},
 booktitle = cba12,
 year = {2012},
 address = {Campina Grande, PB, Brasil},
 month = {Setembro},
  pages = {1672--1679},
}

@InProceedings{MBLOP:12,
 author = {C. F. Morais and M. F. Braga and A. S. Linguanotto and R. C. L. F. Oliveira and P. L. D. Peres},
 title = {Controle robusto por realimenta\c{c}\~{a}o de estados para sistemas lineares discretos no tempo por meio de {LMIs} com par\^{a}metros escalares},
 booktitle = cba12,
 year = {2012},
 address = {Campina Grande, PB, Brasil},
 month = {Setembro},
 pages = {1664--1671},
}

@InProceedings{AOP:12c,
 author = {C. M. Agulhari and R. C. L. F. Oliveira and P. L. D. Peres},
  title = {Robust {LMI} parser: {A} computational package to construct {LMI} conditions for uncertain systems},
 booktitle = cba12,
 year = {2012},
 address = {Campina Grande, PB, Brasil},
 month = {Setembro},
 pages = {2298--2305},
}

@INPROCEEDINGS{AOPi:12c,
  author = {C. M. Agulhari and R. C. L. F. Oliveira and P. L. D. Peres},
  title = {Robust {LMI} parser: A computational package to construct {LMI} conditions for uncertain systems},
  booktitle = cba12i,
  year = {2012},
  pages = {2298--2305},
  month = {September},
  address={Campina Grande, PB, Brazil}
}


@book{DP:00,
  title={A Course in Robust Control Theory},
  author={G. Dullerud and F. Paganini},
  year={2000},
  publisher={Springer-Verlag},
  address={New York, NY},
}

@InProceedings{VOP:14,
 author = {H. S. Vieira and R. C. L. F. Oliveira and P. L. D. Peres},
 title = {Relaxa\c{c}\~oes {LMI}s com escalares para realimenta\c{c}\~ao de estados robusta de sistemas polit\'opicos},
 booktitle = cba14,
 year = {2014},
 address = {Belo Horizonte, MG, Brasil},
 month = {Setembro}, 
  pages = {1112--1118},
}

@Book{EPA:15,
author = {Y. Ebihara and D. Peaucelle and D. Arzelier},
title = {$S$-Variable Approach to {LMI}-Based Robust Control},
publisher = {Springer-Verlag},
year = {2015},
address = {London, UK},
}

@InProceedings{BMTOP:13b,
 author = {M. F. Braga and C. F. Morais and E. S. Tognetti and R. C. L. F. Oliveira and P. L. D. Peres},
 title = {A new procedure for discretization and state feedback control of uncertain linear systems},
 booktitle = cdc52,
 year = {2013},
 address = {Florence, Italy},
 month = {December},
 pages = {6397--6402},
}

@ARTICLE{BWM:01,
  author = {P. Blackmore and D. Williamson and I. Mareels},
  title = {Open-loop discretization methods for control systems design},
  journal = ijc,
  year = {2001},
  volume = {74},
  pages = {1527--1542},
  number = {15},
}

@ARTICLE{OII:02,
  author = {T. Ono and T. Ishihara and H. Inooka},
  title = {Design of sampled-data critical control systems based on the fast-discretization
	technique},
  journal = ijc,
  year = {2002},
  volume = {75},
  pages = {572--581},
  number = {8},
}

@INPROCEEDINGS{HPS:13a,
    author={G. Hilhorst and G. Pipeleers and J. Swevers},
    title={An {LMI} approach for reduced-order  {$\mathcal{H}_{2}$}  {LTI} controller synthesis},
    BOOKTITLE =  acc13,
  YEAR =         {2013},
  address =      {Washington, DC, USA},
  month =        {June},
  pages =            {2392--2396},
}

@InProceedings{HPS:13b,
 author={G. Hilhorst and G. Pipeleers and J. Swevers},
 title = {Reduced-order multi-objective  {$\mathcal{H}_{\infty}$} control of an overhead crane test setup},
 booktitle = cdc52,
 year = {2013},
 address = {Florence, Italy},
 month = {December},
 pages = {770--775},
}


@InProceedings{HPOPS:14,
 author={G. Hilhorst and G. Pipeleers and R. C. L. F. Oliveira and  P. L. D. Peres and J. Swevers},
 title = {On extended {LMI} conditions for {$\mathcal{H}_2$}/{$\mathcal{H}_\infty$} 
     control of discrete-time linear systems},
 booktitle = ifac14,
 year = {2014},
 address = {Cape Town, South Africa},
 month = {August},
 pages = { },
note = {Accepted},
}

@PhdThesis{Pal:98,
  author =       "Reinaldo Martinez Palhares",
  title =        "Filtragem Robusta: Uma Abordagem por Desigualdades Matriciais Lineares",
  school =       "FEEC --- Universidade Estadual de Campinas",
  year =         "1998",
  OPTcrossref =  "",
  OPTkey =       "",
  OPTaddress =   "",
  OPTmonth =     "",
  OPTtype =      "",
  OPTnote =      "",
  OPTannote =    ""
}

@PhdThesis{deO:99,
author = {M. C. de{ }Oliveira},
title = {Controle de Sistemas Lineares baseado nas Desigualdades Matriciais Lineares},
school = {University of Campinas},
year = {1999},
address = {Campinas, SP, Brazil},
month = {May},
type = {Ph{D} {T}hesis},
}


@INPROCEEDINGS{VOP:15,
    author = {H. S. Vieira and R. C. L. F. Oliveira and P. L. D. Peres},
    title = {Robust stabilization and {$\mathcal{H}_\infty$} control by means of state-feedback for
        polytopic linear systems using {LMIs} and scalar searches},
    BOOKTITLE =    acc15,
    YEAR =         {2015},
    address =      {Chicago, IL, USA},
    month =        {July},
    pages = {5966--5973},
}


@Inproceedings{HPMOPS:15a,
author = {G. Hilhorst and G. Pipeleers and W. Michiels and R. C. L. F. Oliveira and P. L. D. Peres and J. Swevers},
title={Reduced-order {$\mathcal{H}_2/\mathcal{H}_\infty$} control of discrete-time {LPV} systems
with experimental validation on an overhead crane test setup},
booktitle=acc15,
year={2015},
month={July},
address={Chicago, IL, USA},
pages={125--130},
}

@INPROCEEDINGS{HPS:13,
  author = {G. Hilhorst and G. Pipeleers and J. Swevers},
  title = {An {LMI} approach for reduced-order $\mathcal{H}_{2}$~{LTI} controller
	synthesis},
  booktitle = acc13,
  address =      {Washington, DC, USA},
  year = {2013},
  pages = {2392--2396},
  month = {June},
}

@Inproceedings{HPMOPS:15b,
author = {G. Hilhorst and G. Pipeleers and W. Michiels and R. C. L. F. Oliveira and P. L. D. Peres and J. Swevers},
title={An iterative convex approach for fixed-order robust {$\mathcal{H}_2/\mathcal{H}_\infty$} 
control of discrete-time linear systems with parametric uncertainty},
booktitle=cdc54,
year={2015},
month={December},
address={Osaka, Japan},
pages={6880--6885},
}

@article{HPMS:15,
author = {G. Hilhorst and G. Pipeleers and W. Michiels and J. Swevers},
title = "Sufficient {LMI} conditions for reduced-order multi-objective control of {LTI} systems",
journal = ejc,
volume = "23",
pages = "17--25",
year = "2015",
month = "May", 
}

@INPROCEEDINGS{FOP:16,
    author = {A. Felipe and R. C. L. F. Oliveira and P. L. D. Peres},
    title = {An iterative {LMI} based procedure for robust stabilization of continuous-time polytopic systems},
    BOOKTITLE = acc16,
    YEAR =         {2016},
    address =      {Boston, MA, USA},
    month =        {July},
    pages = {3826--3831},
}

@BOOK{Ack:85,
  title = {Sampled Data Control Systems: Analysis and Synthesis, Robust System
	Design},
  publisher = {Springer-Verlag},
  year = {1985},
  author = {J. Ackermann},
  address = {New York, NY, USA},
}

@ARTICLE{FSR:04,
  author = {E. Fridman and A. Seuret and J.-P. Richard},
  title = {Robust sampled-data stabilization of linear systems: {A}n input delay approach},
  journal = aut,
  year = {2004},
  volume = {40},
  pages = {1441--1446},
  number = {8},
  month = {August},
}

% sistemas positivos

@article{EPA:14,
	author = {Y. Ebihara and D. Peaucelle and D. Arzelier},
	title = {{LMI} approach to linear positive system analysis and synthesis},
	journal = scl,
	volume = {63},
	month = {January},
	year = {2014},
	pages = {50--56},	
} 

@BOOK{FR:00,
  author={L. Farina and S. Rinaldi},
  title = {Positive Linear Systems: Theory and Applications},
  publisher = {John Wiley {\&} Sons},
  year = {2000},
  address = {New York, NY, USA},
}

@ARTICLE(TL:11,
 author = "T. Tanaka and C. Langbort",
 title = {The bounded real lemma for internally positive systems and {H}-infinity structured static state feedback}, 
 journal =  ieeetac,
 year = "2011",
 volume = "56",
 number = "9",
 pages = "2218--2223",
 month = "September",
)

@ARTICLE(SL:16b,
 author = "J. Shen and J. Lam",
 title = {Static output-feedback stabilization with optimal $L_1$-gain for positive linear systems}, 
 journal = aut,
 year = "2016",
 volume = "63",
 pages = "248--253",
 month = "January",
)

@ARTICLE(SL:15,
 author = "J. Shen and J. Lam",
 title = {On static output-feedback stabilization for multi-input multi-output positive systems}, 
 journal = ijrnlc,
 year = "2015",
 volume = "25",
 number = "16",
 pages = "3154--3162",
 month = "November",
)


@ARTICLE(Ran:16,
 author = "A. Rantzer",
 title = {On the {K}alman-{Y}akubovich-{P}opov lemma for positive systems}, 
 journal =  ieeetac,
 year = "2016",
 volume = "61",
 number = "5",
 pages = "1346--1349",
 month = "May",
)

@ARTICLE(Bri:13b,
 author = "C. Briat",
 title = {Robust stability and stabilization of uncertain linear positive systems via integral linear constraints: $L_1$-gain and $L_\infty$-gain characterization}, 
 journal = ijrnlc,
 year = "2013",
 volume = "23",
 number = "16",
 pages = "1932--1954",
 month = "November",
)

@ARTICLE(WH:13,
 author = "C. Wang and T. Huang",
 title = {Static output feedback control for positive linear continuous-time systems}, 
 journal = ijrnlc,
 year = "2013",
 volume = "23",
 number = "14",
 pages = "1537--1544",
 month = "September",
)


@ARTICLE(CS:16,
 author = "M. Colombino and R. S. Smith",
 title = {A convex characterization of robust stability for positive and positively dominated linear systems}, 
 journal =  ieeetac,
 year = "2016",
 volume = "61",
 number = "7",
 pages = "1965--1971",
 month = "July",
)


@ARTICLE(SL:16a,
 author = "J. Shen and J. Lam",
 title={Some extensions on the bounded real lemma for positive systems},
 journal = ieeetac,
 year={2016},
 OPTvolume={ },
 OPTnumber={ },
 note = {DOI: 10.1109/TAC.2016.2606426}, 
 OPTpages = " ",
 OPTmonth = " ",
 doi = {10.1109/TAC.2016.2606426},
)

@book{BP:79,
   title = "Nonnegative Matrices in The Mathematical Sciences",
   author = "A. Berman and R. J. Plemmons",
   series = "Computer Science and Applied Mathematics",
   publisher = "Academic Press",
   address = "New York",
   year = 1979
}


@InProceedings{A-RBHP:14,
 author = {M. {Ait-Rami} and B. Boulkroune and A. Hajjaji and O. Pag\`{e}s},
 title = {Stabilization of {LPV} positive systems},
 booktitle = cdc53,
 year = {2014},
 address = {Los Angeles, CA, USA},
 month = {December},
 pages = {4772--4776},
}


@ARTICLE(FV:10,
 author = "E. Fornasini and M. E. Valcher",
 title = {Linear copositive {L}yapunov functions for continuous-time positive switched systems}, 
 journal =  ieeetac,
 year = "2010",
 volume = "55",
 number = "8",
 pages = "1933--1937",
 month = "August",
)


@ARTICLE(ZLYL:14,
 author = "X. Zhao and X. Liu and S. Yin and H. Li",
 title = {Improved results on stability of continuous-time switched positive linear systems}, 
 journal = aut,
 year = "2014",
 volume = "50",
 number = "2",
 pages = "614--621",
 month = "February",
)


@ARTICLE(ZZSL:12,
 author = "X. Zhao and L. Zhang and P. Shi and M. Liu",
 title = {Stability of switched positive linear systems with average dwell time switching}, 
 journal = aut,
 year = "2012",
 volume = "48",
 number = "6",
 pages = "1132--1137",
 month = "June",
)

@ARTICLE(DeLA:01,
 author = "P. {De Leenheer} and D. Aeyels",
 title = {Stabilization of positive linear systems}, 
 journal = scl,
 year = "2001",
 volume = "44",
 number = "4",
 pages = "259--271",
 month = "November",
)


@ARTICLE(MS:07,
 author = "O. Mason and R. Shorten",
 title = {On linear copositive {L}yapunov functions and the stability of switched positive linear systems}, 
 journal =  ieeetac,
 year = "2007",
 volume = "52",
 number = "7",
 pages = "1346--1349",
 month = "July",
)

@ARTICLE(AM:14,
 author = "A. Y. Aleksandrov and O. Mason",
 title = {Diagonal {L}yapunov--{K}rasovskii functionals for discrete-time positive systems with delay}, 
 journal = scl,
 year = "2014",
 volume = "63",
 pages = "63--67",
 month = "January",
)


@Inproceedings{LLW:10,
        author={P. Li and J. Lam and Z. Wang},
        title={{$H_\infty$} model reduction for positive systems},
        booktitle=acc10,
        year={2010},
        month={June},
        volume={},
        number={},
        address={Baltimore, MD, USA},
        pages={6244--6249},
}

@ARTICLE(Naj:13,
 author = "F. Najson",
 title = {On the {K}alman--{Y}akubovich--{P}opov lemma for discrete-time positive linear systems: {A} novel simple proof and some related results}, 
 journal = ijc,
 year = "2013",
 volume = "86",
 number = "10",
 pages = "1813--1823",
)

@ARTICLE(Naj:15,
 author = "F. Najson",
 title = {A {L}agrange duality approach to state-feedback stabilisability in switched positive linear systems}, 
 journal = ijc,
 year = "2015",
 volume = "88",
 number = "1",
 pages = "138--154",
)


@ARTICLE(LYG:15,
 author = "X. Li and C. Yu and H. Gao",
 title = {Frequency-limited {$H_\infty$} model reduction for positive systems}, 
 journal =  ieeetac,
 year = "2015",
 volume = "60",
 number = "4",
 pages = "1093--1098",
 month = "April",
)


@ARTICLE(FB:95,
 author = "L. Farina and L. Benvenuti",
 title = {Positive realizations of linear systems}, 
 journal = scl,
 year = "1995",
 volume = "26",
 number = "1",
 pages = "1--9",
 month = "September",
)


@ARTICLE(LZW:16,
 author = "J. Liu and K. Zhang and H. Wei",
 title = {Robust stability of positive switched systems with dwell time}, 
 journal = ijss,
 year = "2016",
 volume = "47",
 number = "11",
 pages = "2553--2562",
)

@ARTICLE(SMK:09,
 author = "R. Shorten and O. Mason and C. King",
 title = {An alternative proof of the {B}arker, {B}erman, {P}lemmons {(BBP)} result on diagonal stability and extensions}, 
 journal = laa,
 year = "2009",
 volume = "430",
 number = "1",
 pages = "34--40",
 month = "January",
)


@ARTICLE(GSM:07,
 author = "L. Gurvits and R. Shorten and O. Mason",
 title = {On the stability of switched positive linear systems}, 
 journal =  ieeetac,
 year = "2007",
 volume = "52",
 number = "6",
 pages = "1099--1103",
 month = "June",
)



@ARTICLE(A-R:11,
 author = "M. {Ait Rami}",
 title = {Solvability of static output-feedback stabilization for {LTI} positive systems}, 
 journal = scl,
 year = "2011",
 volume = "60",
 number = "9",
 pages = "704--708",
 month = "September",
)


@ARTICLE(RD:09,
 author = "B. Roszak and E. J. Davison",
 title = {Necessary and sufficient conditions for stabilizability of positive {LTI} systems}, 
 journal = scl,
 year = "2009",
 volume = "58",
 number = "7",
 pages = "474--481",
 month = "July",
)


@ARTICLE(AL:12,
 author = "H. Arneson and C. Langbort",
 title = {A linear programming approach to routing control in networks of constrained linear positive systems}, 
 journal = aut,
 year = "2012",
 volume = "48",
 number = "5",
 pages = "800--807",
 month = "May",
)

@Article{LPJK:16,
author="D. H. Lee and J. B. Park and Y. H. Joo and S. K. Kim",
title="{FIR}-type state-feedback control law for discrete-time {LTI}
                  systems with polytopic uncertainties",
journal=ijcas,
year="2016",
volume="14",
number="4",
pages="906--914",
}

@Article{LJK:15b,
author="D. H. Lee and Y. H. Joo and S. K. Kim",
title="{FIR}-type robust {$\mathcal{H}_2$} and {$\mathcal{H}_\infty$}
                  control of discrete linear time-invariant polytopic
                  systems via memory state-feedback control laws",
journal=ijcas,
year="2015",
volume="13",
number="5",
pages="1047--1056",
}

@INPROCEEDINGS{SK:13,
author={M. S. Sadabadi and A. Karimi},
booktitle=cdc52,
title={An {LMI} formulation of fixed-order {$\mathcal{H}_\infty$} and
                  {$\mathcal{H}_2$} controller design for discrete-time
                  systems with polytopic uncertainty},
year={2013},
pages={2453--2458},
month={December},
}


@PHDTHESIS{Par:00,
  author = {P. A. Parrilo},
  title = {Structured Semidefinite Programs and Semialgebraic Geometry Methods
	in Robustness and Optimization},
  school = {California Institute of Technology},
  year = {2000},
  address      = {Pasadena, CA, USA},
}

@INPROCEEDINGS{BSW:01,
  author = {M. Blanke and M. Staroswiecki and N. E. Wu},
  title = {Concepts and methods in fault-tolerant control},
  booktitle = acc01,
  year = {2001},
  pages = {2606--2620},
  address = {Arlington, VA, USA},
  month = {June},
}

@ARTICLE(BM:03,
 author = "F. Blanchini and S. Miani",
 title = {Stabilization of {LPV} systems: {S}tate feedback, state estimation, and duality},
 journal =  siamjco,
 year = "2003",
 volume = "42",
 number = "1",
 pages = "76--97",
)

@article{FS:17,
	author={E. Fridman and L. Shaikhet},
	title={Stabilization by using artificial delays: {A}n {LMI} approach},
	journal=aut,
	year={2017},
	volume={81},
	pages={429--437},
}

@article{Che:14b,
author = "G. Chesi",
title = "Establishing robust stability of discrete-time systems with time-varying uncertainty: {T}he {G}ram-{SOS} approach",
journal = aut,
volume = "50",
number = "11",
pages = "2813--2821",
year = "2014",
month = "November",
}

@Book{Fey:17,
 title = {Robust Control Optimization with Metaheuristics},
 publisher = {Wiley-ISTE},
 year = {2017},
 author = {Philippe Feyel},
 ALTeditor = {},
 OPTkey = {},
 OPTvolume = {},
 OPTnumber = {},
 OPTseries = {},
 address = {London, United Kingdom},
 OPTedition = {},
 OPTmonth = {},
 OPTnote = {},
 OPTannote = {},
 OPTurl = {},
 OPTurldate = {},
 OPTlastchecked = {},
 OPTdoi = {},
 OPTisbn = {},
 OPTissn = {},
 OPTlocalfile = {},
 OPTabstract = {},
 OPTkeywords = {},
}
