
@BOOK{GNLC:95,
  author = {P. Gahinet and A. Nemirovskii and A. J. Laub and M. Chilali},
  year = 1995,
  title = {{LMI} Control Toolbox User's Guide},
  publisher = {The Math Works}, 
  address = {Natick, MA},
}

@BOOK(NN:94,
 author = "Y. Nesterov and A. Nemirovskii",
 title = "Interior-Point Polynomial Algorithms in Convex Programming",
 publisher = "SIAM",
 year = "1994",
 address = "Philadelphia, PA",
)


@INPROCEEDINGS(LPH:02,
 author = "Y. Labit and D. Peaucelle and D. Henrion",
 title = "{\sc {S}e{D}u{M}i {I}nterface} 1.02 : {A} tool for solving {LMI} problems with {\sc {S}e{D}u{M}i}",
 booktitle = "Proceedings of the 12th IEEE International Symposium on Computer Aided Control System Design",
 year = "2002",
 address = {Glasgow, Scotland, UK},
 month = {September},
 pages= {272--277},
)

@Manual{Pea:05,
author = "D. Peaucelle",
title = "{RoMulOC} a {YALMIP-MATLAB} based Robust Multi Objective Control Toolbox",
url = {{h}ttp://www.laas.fr/OLOCEP/romuloc},
year = "2005"
}


@ARTICLE{TTT:99,
     author =    "K. C. Toh and M. J. Todd and R. {T\"{u}t\"{u}nc\"{u}}",
     title =    "{SDPT3} --- {A} {M}atlab software package for semidefinite programming, {V}ersion 1.3",
     journal =   oms,
     year =      "1999",
     volume =    "11",
     number = "1",
     pages =     "545--581",
}

@ARTICLE{Bor:99,
     author =    "B. Borchers",
     title =    "{CSDP}, {A }{C} library for demidefinite programming",
     journal =   oms,
     year =      "1999",
     volume =    "11",
     pages =     "613--623",
}

@techreport{BY:01,
  author = "S. Benson and Y. Ye",
  title = "{DSDP}: {D}ual-scaling algorithm for semidefinite programming",
  number = "ANL/MCS-P851-1000",
  institution = "Argonne National Laboratory",
  year = "2001",
}

@techreport{Wal:03,
    author = "R. Wallin",
    title = "User's guide to kypd solver",
    institution = "Department of Electrical Engineering, Linköping University",
    year = "2003",
    month = "April",
    address = "Linköping, Sweden",
    number = "LiTH-ISY-R-2517",
}

@INPROCEEDINGS(OHM:04,
    author={R. Orsi and U. Helmke  and J. B. Moore},
    title = {A {N}ewton-like method for solving rank constrained linear matrix inequalities},
    booktitle =  cdc43,
    year = {2004},
    pages = {3138--3144},
    address = {Paradise Island, Bahamas},
    month = {December},
)

@ARTICLE{VBW:98,
    author={L. Vandenberghe and S. P. Boyd and S. Wu},
    title={Determinant maximization with linear matrix inequality constraints},
    journal =      siammaa,
    year =         "1998",
    volume=        "19",
    number=        "2",
    pages=         "499--533",
}

@ARTICLE{KS:03,
     author =    "M. Ko\v{c}vara and M. Stingl",
     title =    "{PENNON}: {A} code for convex nonlinear and semidefinite programming",
     journal =   oms,
     year =      "2003",
     volume =    "18",
     number=     "3",
     month=     "June",
     pages =     "317--333",
}

@ARTICLE{YFK:03,
     author =    "M. Yamashita and K. Fujisawa and M. Kojima",
     title =    "Implementation and evaluation of {SDPA} 6.0 ({S}emiDefinite {P}rogramming {A}lgorithm 6.0)",
     journal =   oms,
     year =      "2003",
     volume =    "18",
     number=     "4",
     month=     "August",
     pages =     "491--505",
}

@ARTICLE{BM:03b,
     author =    "S. Burer and R. D. C. Monteiro",
     title =    "A nonlinear programming algorithm for solving semidefinite programs via low-rank factorization",
     journal =   matproB,
     year =      "2003",
     volume =    "95",
     number=     "2",
     month=     "February",
     pages =     "329--357",
}


@InProceedings{Lof:04,
   author = "J. L{\"o}fberg",
   title = "{YALMIP}: {A} toolbox for modeling and optimization in {MATLAB}",
   booktitle = cacsd04,
   year = "2004",
   address = "Taipei, Taiwan",
   month = "September",
   pages = "284--289",
} 


@Article{Stu:99,
  author =       "J. F. Sturm",
  title =        {Using {S}e{D}u{M}i {1.02}, a {MATLAB} toolbox for optimization over symmetric cones},
  journal =      oms,
  year =         "1999",
  volume =       "11",
  number =    "1--4",
  pages =        "625--653",
  month =     "",
  note =      "\url{http://sedumi.ie.lehigh.edu/}",
  OPTannote =    ""
}

@MANUAL{FKG:06,
  TITLE =        {SDPLab $1.0$ Tutorial},
  author =       {A. R. Fioravanti and R. H. Korogui and J. C. Geromel},
  organization = {DSCE/FEEC/UNICAMP},
  address =      {Campinas, SP},
  year =         {2006},
  note =         {{h}ttp://www.dsce.fee.unicamp.br/$\sim$fioravan/software/software.htm},
}

@InProceedings{Ois:06,
    author = {Y. Oishi},
    title = {A region-dividing approach to robust semidefinite programming and its error bound},
    booktitle = acc06,
    year = {2006},
    address = {Minneapolis, MN, USA}, 
    pages = {123--129}
}

@InProceedings{Wer:06,
	author={A. Wernrud},
	title={Computation of approximate value functions for constrained control problems}, 
	booktitle = {Proceedings of the 17th International Symposium on Mathematical Theory of Networks and Systems}, 
    year = {2006},
    address = {Kyoto, Japan}, 
    pages = {2271--2276}
}

@incollection {CF-EFS:08,
   author = {F. Calderon and C. R. {Fuerte-Esquivel} and  J. J. Flores and J. C. Silva},
   title = {A constraint-handling genetic algorithm to power economic dispatch},
   booktitle = {MICAI 2008: Advances in Artificial Intelligence},
   series = {Lecture Notes in Computer Science},
   editor = {A. Gelbukh  and E. Morales},
   publisher = {Springer Berlin -- Heidelberg},
   pages = {371--381},
   volume = {5317},
   year = {2008}
}

@article{LFC:09,
   author = {C. Lara and J. J. Flores and F. Calderon},
   title = {On the hyperbox --- {H}yperplane intersection problem},
   journal = infocomp,
   volume = {8},
   number = {4},
   year = {2009},
   pages = {21--27},
   month = {December},
}

@ARTICLE{DS:08,
  author = {S. G. Dietz and C. W. Scherer},
  title = {Verifying exactness of relaxations for robust semi-definite programs
	by solving polynomial systems},
  journal = laa,
  year = {2008},
  volume = {429},
  pages = {1758--1778},
  number = {7},
  month = {October},
}

@ARTICLE{MS:09,
  author = {I. Masubuchi and C. W. Scherer},
  title = {A recursive algorithm of exactness verification of relaxations for
	robust {SDP}s},
  journal = scl,
  year = {2009},
  volume = {58},
  pages = {592--601},
  number = {8},
  month = {August}, 
}

@InCollection{AA:00,
title={The {MOSEK} Interior Point Optimizer for Linear Programming: An Implementation of the Homogeneous Algorithm},
author={E. D. Andersen and K. D. Andersen},
year={2000},
isbn={978-1-4419-4819-9},
booktitle={High Performance Optimization},
volume={33},
series={Applied Optimization},
editor={H. Frenk and K. Roos and T. Terlaky and S. Zhang},
note={\url{http://www.mosek.com}},
publisher={Springer US},
pages={197--232},
language={English}
}



@manual{Mos:15,
   author = "{MOSEK ApS}",
   title = "The {MOSEK} optimization software",
   year = 2015,
   note = "\url{http://www.mosek.com}",
   }